<?xml version="1.0" encoding="UTF-8"?>
<!DOCTYPE html PUBLIC "-//W3C//DTD XHTML 1.0 Transitional//EN"
    "http://www.w3.org/TR/xhtml1/DTD/xhtml1-transitional.dtd">
<html xmlns="http://www.w3.org/1999/xhtml" xml:lang="en" lang="en">
 <head>
  <title>
</title>
<meta http-equiv="Content-Type" content="text/html;charset=utf-8" />
  <meta name='ocr-system' content='tesseract 3.04.00' />
  <meta name='ocr-capabilities' content='ocr_page ocr_carea ocr_par ocr_line ocrx_word'/>
</head>
<body>
  <div class='ocr_page' id='page_1' title='image "./commentarivsper00schmgoog_0328.png"; bbox 0 0 2817 4675; ppageno 0'>
   <div class='ocr_carea' id='block_1_1' title="bbox 121 252 1319 371">
    <p class='ocr_par' dir='ltr' id='par_1_1' title="bbox 121 252 1319 371">
     <span class='ocr_line' id='line_1_1' title="bbox 121 252 1319 371; baseline 0.01 -52"><span class='ocrx_word' id='word_1_1' title='bbox 121 262 152 315; x_wconf 58' lang='grc' dir='ltr'>υ</span> <span class='ocrx_word' id='word_1_2' title='bbox 245 270 317 354; x_wconf 68' lang='lat'>²3⁴</span> <span class='ocrx_word' id='word_1_3' title='bbox 418 252 422 261; x_wconf 84' lang='lat'><em>&#39;</em></span> <span class='ocrx_word' id='word_1_4' title='bbox 614 271 657 355; x_wconf 72' lang='lat' dir='ltr'>aa</span> <span class='ocrx_word' id='word_1_5' title='bbox 693 269 950 335; x_wconf 62' lang='lat' dir='ltr'>attentans</span> <span class='ocrx_word' id='word_1_6' title='bbox 1294 308 1319 371; x_wconf 62' lang='lat' dir='ltr'><em>s</em></span> 
     </span>
    </p>
   </div>
   <div class='ocr_carea' id='block_1_2' title="bbox 131 425 1395 4111">
    <p class='ocr_par' dir='ltr' id='par_1_2' title="bbox 246 425 1321 526">
     <span class='ocr_line' id='line_1_2' title="bbox 246 425 1321 526; baseline 0 -30"><span class='ocrx_word' id='word_1_7' title='bbox 246 426 394 526; x_wconf 77' lang='lat' dir='ltr'><em>miserias</em></span> <span class='ocrx_word' id='word_1_8' title='bbox 402 425 492 523; x_wconf 72' lang='lat' dir='ltr'>satu</span> <span class='ocrx_word' id='word_1_9' title='bbox 509 452 647 492; x_wconf 70' lang='lat' dir='ltr'>narrare</span> <span class='ocrx_word' id='word_1_10' title='bbox 671 432 868 513; x_wconf 72' lang='lat' dir='ltr'>tragicorum</span> <span class='ocrx_word' id='word_1_11' title='bbox 891 435 1019 516; x_wconf 75' lang='lat' dir='ltr'>potius,</span> <span class='ocrx_word' id='word_1_12' title='bbox 1046 454 1151 519; x_wconf 82' lang='lat' dir='ltr'>qnam</span> <span class='ocrx_word' id='word_1_13' title='bbox 1175 440 1321 504; x_wconf 75' lang='lat' dir='ltr'>comico.</span> 
     </span>
    </p>

    <p class='ocr_par' dir='ltr' id='par_1_3' title="bbox 246 515 1323 602">
     <span class='ocr_line' id='line_1_3' title="bbox 246 515 1323 602; baseline 0.007 -23"><span class='ocrx_word' id='word_1_14' title='bbox 246 539 321 580; x_wconf 82' lang='lat' dir='ltr'>rum</span> <span class='ocrx_word' id='word_1_15' title='bbox 337 516 434 578; x_wconf 77' lang='lat' dir='ltr'>est—</span> <span class='ocrx_word' id='word_1_16' title='bbox 453 538 533 602; x_wconf 82' lang='lat' dir='ltr'><em>qaas</em></span> <span class='ocrx_word' id='word_1_17' title='bbox 550 515 712 587; x_wconf 81' lang='lat' dir='ltr'>caelestes,</span> <span class='ocrx_word' id='word_1_18' title='bbox 734 520 841 579; x_wconf 86' lang='lat' dir='ltr'>noctis</span> <span class='ocrx_word' id='word_1_19' title='bbox 858 532 920 580; x_wconf 86' lang='lat' dir='ltr'>etc.</span> <span class='ocrx_word' id='word_1_20' title='bbox 943 518 1020 582; x_wconf 87' lang='lat' dir='ltr'>deos</span> <span class='ocrx_word' id='word_1_21' title='bbox 1032 556 1076 567; x_wconf 92' lang='lat'>-</span> <span class='ocrx_word' id='word_1_22' title='bbox 1102 546 1129 593; x_wconf 89' lang='lat'>7.</span> <span class='ocrx_word' id='word_1_23' title='bbox 1144 547 1210 586; x_wconf 83' lang='lat' dir='ltr'>non</span> <span class='ocrx_word' id='word_1_24' title='bbox 1226 525 1323 587; x_wconf 79' lang='lat' dir='ltr'>tanti</span> 
     </span>
    </p>

    <p class='ocr_par' dir='ltr' id='par_1_4' title="bbox 134 595 1321 694">
     <span class='ocr_line' id='line_1_4' title="bbox 134 595 1321 694; baseline 0.007 -31"><span class='ocrx_word' id='word_1_25' title='bbox 134 610 139 629; x_wconf 93' lang='lat'>&#39;</span> <span class='ocrx_word' id='word_1_26' title='bbox 189 632 194 641; x_wconf 95' lang='lat'>·</span> <span class='ocrx_word' id='word_1_27' title='bbox 235 595 373 692; x_wconf 81' lang='lat' dir='ltr'><em>facere,</em></span> <span class='ocrx_word' id='word_1_28' title='bbox 390 616 449 675; x_wconf 76' lang='lat' dir='ltr'>at,</span> <span class='ocrx_word' id='word_1_29' title='bbox 471 603 552 686; x_wconf 83' lang='lat' dir='ltr'>quid</span> <span class='ocrx_word' id='word_1_30' title='bbox 563 603 686 671; x_wconf 82' lang='lat' dir='ltr'>velint,</span> <span class='ocrx_word' id='word_1_31' title='bbox 709 617 765 665; x_wconf 87' lang='lat' dir='ltr'>aut</span> <span class='ocrx_word' id='word_1_32' title='bbox 786 604 868 686; x_wconf 76' lang='lat' dir='ltr'>qaid</span> <span class='ocrx_word' id='word_1_33' title='bbox 891 627 957 666; x_wconf 85' lang='lat' dir='ltr'>noa</span> <span class='ocrx_word' id='word_1_34' title='bbox 987 602 1096 669; x_wconf 69' lang='lat' dir='ltr'>velint</span> <span class='ocrx_word' id='word_1_35' title='bbox 1117 631 1321 694; x_wconf 77' lang='lat' dir='ltr'>magnopere</span> 
     </span>
    </p>

    <p class='ocr_par' dir='ltr' id='par_1_5' title="bbox 247 687 1321 771">
     <span class='ocr_line' id='line_1_5' title="bbox 247 687 1321 771; baseline 0.009 -22"><span class='ocrx_word' id='word_1_36' title='bbox 247 705 379 767; x_wconf 75' lang='lat' dir='ltr'>curent5</span> <span class='ocrx_word' id='word_1_37' title='bbox 404 702 438 749; x_wconf 79' lang='lat' dir='ltr'>tt</span> <span class='ocrx_word' id='word_1_38' title='bbox 455 708 511 755; x_wconf 77' lang='lat' dir='ltr'>eos</span> <span class='ocrx_word' id='word_1_39' title='bbox 534 687 587 749; x_wconf 83' lang='lat' dir='ltr'>[eu</span> <span class='ocrx_word' id='word_1_40' title='bbox 608 701 763 749; x_wconf 83' lang='lat' dir='ltr'>votorum</span> <span class='ocrx_word' id='word_1_41' title='bbox 786 706 954 771; x_wconf 85' lang='lat' dir='ltr'>compotes</span> <span class='ocrx_word' id='word_1_42' title='bbox 978 691 1123 763; x_wconf 84' lang='lat' dir='ltr'><strong>reddere,</strong></span> <span class='ocrx_word' id='word_1_43' title='bbox 1145 693 1203 756; x_wconf 83' lang='lat' dir='ltr'>ieu</span> <span class='ocrx_word' id='word_1_44' title='bbox 1219 699 1321 759; x_wconf 76' lang='lat' dir='ltr'>malis</span> 
     </span>
    </p>

    <p class='ocr_par' dir='ltr' id='par_1_6' title="bbox 245 773 1321 856">
     <span class='ocr_line' id='line_1_6' title="bbox 245 773 1321 856; baseline 0.007 -21"><span class='ocrx_word' id='word_1_45' title='bbox 245 776 400 844; x_wconf 81' lang='lat' dir='ltr'>liberare,</span> <span class='ocrx_word' id='word_1_46' title='bbox 419 775 626 835; x_wconf 79' lang='lat' dir='ltr'>laborent-</span> <span class='ocrx_word' id='word_1_47' title='bbox 658 779 688 832; x_wconf 88' lang='grc'>8.</span> <span class='ocrx_word' id='word_1_48' title='bbox 714 776 751 832; x_wconf 91' lang='lat' dir='ltr'>in</span> <span class='ocrx_word' id='word_1_49' title='bbox 777 773 875 835; x_wconf 75' lang='lat' dir='ltr'>vibis</span> <span class='ocrx_word' id='word_1_50' title='bbox 902 777 991 856; x_wconf 85' lang='lat' dir='ltr'>prior</span> <span class='ocrx_word' id='word_1_51' title='bbox 1023 775 1139 854; x_wconf 75' lang='lat' dir='ltr'>syllaba</span> <span class='ocrx_word' id='word_1_52' title='bbox 1168 782 1321 843; x_wconf 77' lang='lat' dir='ltr'>acuenda</span> 
     </span>
    </p>

    <p class='ocr_par' dir='ltr' id='par_1_7' title="bbox 245 855 1321 954">
     <span class='ocr_line' id='line_1_7' title="bbox 245 855 1321 954; baseline 0.012 -39"><span class='ocrx_word' id='word_1_53' title='bbox 245 859 344 939; x_wconf 72' lang='lat' dir='ltr'>est-</span> <span class='ocrx_word' id='word_1_54' title='bbox 369 860 484 937; x_wconf 81' lang='lat' dir='ltr'>potius</span> <span class='ocrx_word' id='word_1_55' title='bbox 501 877 601 940; x_wconf 85' lang='lat' dir='ltr'>quam</span> <span class='ocrx_word' id='word_1_56' title='bbox 616 855 679 918; x_wconf 81' lang='lat' dir='ltr'>diis</span> <span class='ocrx_word' id='word_1_57' title='bbox 696 894 738 905; x_wconf 88' lang='lat'>-</span> <span class='ocrx_word' id='word_1_58' title='bbox 764 881 810 921; x_wconf 77' lang='grc' dir='ltr'>υ.</span> <span class='ocrx_word' id='word_1_59' title='bbox 826 860 913 931; x_wconf 78' lang='lat' dir='ltr'>ltine,</span> <span class='ocrx_word' id='word_1_60' title='bbox 938 861 1073 946; x_wconf 81' lang='lat' dir='ltr'>quidam</span> <span class='ocrx_word' id='word_1_61' title='bbox 1088 866 1141 925; x_wconf 72' lang='lat' dir='ltr'>iic</span> <span class='ocrx_word' id='word_1_62' title='bbox 1157 902 1195 911; x_wconf 77' lang='lat'>—-</span> <span class='ocrx_word' id='word_1_63' title='bbox 1224 889 1272 937; x_wconf 72' lang='lat'>¹4·</span> <span class='ocrx_word' id='word_1_64' title='bbox 1280 865 1321 954; x_wconf 83' lang='lat' dir='ltr'><strong><em>fi</em></strong></span> 
     </span>
    </p>

    <p class='ocr_par' dir='ltr' id='par_1_8' title="bbox 246 942 1318 1029">
     <span class='ocr_line' id='line_1_8' title="bbox 246 942 1318 1029; baseline 0.009 -26"><span class='ocrx_word' id='word_1_65' title='bbox 246 967 348 1026; x_wconf 82' lang='lat' dir='ltr'><em>opera</em></span> <span class='ocrx_word' id='word_1_66' title='bbox 371 942 417 1029; x_wconf 87' lang='lat' dir='ltr'>est</span> <span class='ocrx_word' id='word_1_67' title='bbox 438 943 591 1015; x_wconf 82' lang='lat' dir='ltr'>auribus,</span> <span class='ocrx_word' id='word_1_68' title='bbox 620 943 641 1001; x_wconf 79' lang='lat' dir='ltr'>fi</span> <span class='ocrx_word' id='word_1_69' title='bbox 664 943 876 1005; x_wconf 85' lang='lat' dir='ltr'><strong>commodum</strong></span> <span class='ocrx_word' id='word_1_70' title='bbox 902 944 961 1015; x_wconf 79' lang='lat' dir='ltr'>est,</span> <span class='ocrx_word' id='word_1_71' title='bbox 992 949 1012 1007; x_wconf 82' lang='lat' dir='ltr'>[i</span> <span class='ocrx_word' id='word_1_72' title='bbox 1041 948 1082 1009; x_wconf 81' lang='lat' dir='ltr'>ad</span> <span class='ocrx_word' id='word_1_73' title='bbox 1108 951 1318 1013; x_wconf 76' lang='lat' dir='ltr'>audiendum</span> 
     </span>
    </p>

    <p class='ocr_par' dir='ltr' id='par_1_9' title="bbox 244 1028 1317 1119">
     <span class='ocr_line' id='line_1_9' title="bbox 244 1028 1317 1119; baseline 0.007 -26"><span class='ocrx_word' id='word_1_74' title='bbox 244 1034 381 1097; x_wconf 70' lang='lat' dir='ltr'>vocatia.</span> <span class='ocrx_word' id='word_1_75' title='bbox 402 1063 447 1075; x_wconf 92' lang='lat'><em>-</em></span> <span class='ocrx_word' id='word_1_76' title='bbox 481 1032 526 1089; x_wconf 84' lang='grc' dir='ltr'>ιό.</span> <span class='ocrx_word' id='word_1_77' title='bbox 553 1050 599 1099; x_wconf 86' lang='lat'>¹7·</span> <span class='ocrx_word' id='word_1_78' title='bbox 619 1029 729 1110; x_wconf 86' lang='lat' dir='ltr'>Quam</span> <span class='ocrx_word' id='word_1_79' title='bbox 744 1028 876 1101; x_wconf 72' lang='lat' dir='ltr'>Pistoris</span> <span class='ocrx_word' id='word_1_80' title='bbox 899 1034 1086 1104; x_wconf 82' lang='lat' dir='ltr'>extricauit,</span> <span class='ocrx_word' id='word_1_81' title='bbox 1116 1057 1132 1096; x_wconf 87' lang='lat' dir='ltr'><em>a</em></span> <span class='ocrx_word' id='word_1_82' title='bbox 1161 1039 1317 1119; x_wconf 75' lang='lat' dir='ltr'>pluribus</span> 
     </span>
    </p>

    <p class='ocr_par' dir='ltr' id='par_1_10' title="bbox 245 1114 1317 1202">
     <span class='ocr_line' id='line_1_10' title="bbox 245 1114 1317 1202; baseline 0.008 -26"><span class='ocrx_word' id='word_1_83' title='bbox 245 1115 481 1198; x_wconf 69' lang='lat' dir='ltr'>Gronovioque</span> <span class='ocrx_word' id='word_1_84' title='bbox 506 1129 671 1198; x_wconf 81' lang='lat' dir='ltr'>receptam</span> <span class='ocrx_word' id='word_1_85' title='bbox 692 1114 885 1187; x_wconf 82' lang='lat' dir='ltr'>lectionem,</span> <span class='ocrx_word' id='word_1_86' title='bbox 917 1133 950 1178; x_wconf 87' lang='lat' dir='ltr'>et</span> <span class='ocrx_word' id='word_1_87' title='bbox 972 1140 1033 1201; x_wconf 81' lang='lat' dir='ltr'>ego</span> <span class='ocrx_word' id='word_1_88' title='bbox 1061 1123 1176 1202; x_wconf 82' lang='lat' dir='ltr'>putaui</span> <span class='ocrx_word' id='word_1_89' title='bbox 1202 1137 1317 1184; x_wconf 77' lang='lat' dir='ltr'>tenen·</span> 
     </span>
    </p>

    <p class='ocr_par' dir='ltr' id='par_1_11' title="bbox 243 1198 1317 1291">
     <span class='ocr_line' id='line_1_11' title="bbox 243 1198 1317 1291; baseline 0.009 -30"><span class='ocrx_word' id='word_1_90' title='bbox 243 1199 329 1262; x_wconf 79' lang='lat' dir='ltr'>dam.</span> <span class='ocrx_word' id='word_1_91' title='bbox 372 1199 593 1281; x_wconf 81' lang='lat' dir='ltr'>Explicandus</span> <span class='ocrx_word' id='word_1_92' title='bbox 611 1198 718 1261; x_wconf 78' lang='lat' dir='ltr'>fotian</span> <span class='ocrx_word' id='word_1_93' title='bbox 737 1201 793 1265; x_wconf 86' lang='lat' dir='ltr'>hic</span> <span class='ocrx_word' id='word_1_94' title='bbox 811 1202 904 1263; x_wconf 77' lang='lat' dir='ltr'>iocus</span> <span class='ocrx_word' id='word_1_95' title='bbox 926 1204 970 1262; x_wconf 80' lang='lat' dir='ltr'>ita</span> <span class='ocrx_word' id='word_1_96' title='bbox 991 1203 1055 1266; x_wconf 73' lang='lat' dir='ltr'>ettz</span> <span class='ocrx_word' id='word_1_97' title='bbox 1079 1205 1099 1263; x_wconf 86' lang='lat' dir='ltr'>fi</span> <span class='ocrx_word' id='word_1_98' title='bbox 1123 1208 1205 1288; x_wconf 89' lang='lat' dir='ltr'>quid</span> <span class='ocrx_word' id='word_1_99' title='bbox 1225 1230 1317 1291; x_wconf 80' lang='lat' dir='ltr'><strong>roga·</strong></span> 
     </span>
    </p>

    <p class='ocr_par' dir='ltr' id='par_1_12' title="bbox 241 1284 1312 1374">
     <span class='ocr_line' id='line_1_12' title="bbox 241 1284 1312 1374; baseline 0.007 -28"><span class='ocrx_word' id='word_1_100' title='bbox 241 1286 345 1356; x_wconf 76' lang='lat' dir='ltr'>veria,</span> <span class='ocrx_word' id='word_1_101' title='bbox 374 1287 466 1368; x_wconf 79' lang='lat' dir='ltr'>priua</span> <span class='ocrx_word' id='word_1_102' title='bbox 487 1306 583 1370; x_wconf 80' lang='lat' dir='ltr'>quam</span> <span class='ocrx_word' id='word_1_103' title='bbox 608 1284 713 1349; x_wconf 79' lang='lat' dir='ltr'>facere</span> <span class='ocrx_word' id='word_1_104' title='bbox 733 1289 880 1356; x_wconf 70' lang='lat' dir='ltr'>conexis,</span> <span class='ocrx_word' id='word_1_105' title='bbox 915 1308 1005 1357; x_wconf 84' lang='lat' dir='ltr'>more</span> <span class='ocrx_word' id='word_1_106' title='bbox 1034 1291 1197 1353; x_wconf 84' lang='lat' dir='ltr'>maiorum</span> <span class='ocrx_word' id='word_1_107' title='bbox 1222 1295 1312 1374; x_wconf 80' lang='lat' dir='ltr'>priua</span> 
     </span>
    </p>

    <p class='ocr_par' dir='ltr' id='par_1_13' title="bbox 241 1368 1310 1462">
     <span class='ocr_line' id='line_1_13' title="bbox 241 1368 1310 1462; baseline 0.006 -30"><span class='ocrx_word' id='word_1_108' title='bbox 241 1371 404 1435; x_wconf 88' lang='lat' dir='ltr'>indicium</span> <span class='ocrx_word' id='word_1_109' title='bbox 417 1368 678 1455; x_wconf 80' lang='lat' dir='ltr'>exspectandum</span> <span class='ocrx_word' id='word_1_110' title='bbox 692 1370 744 1441; x_wconf 78' lang='lat' dir='ltr'>est,</span> <span class='ocrx_word' id='word_1_111' title='bbox 767 1392 834 1455; x_wconf 87' lang='lat' dir='ltr'>quo</span> <span class='ocrx_word' id='word_1_112' title='bbox 852 1372 887 1432; x_wconf 87' lang='lat' dir='ltr'>id</span> <span class='ocrx_word' id='word_1_113' title='bbox 905 1376 1015 1435; x_wconf 74' lang='lat' dir='ltr'>conari</span> <span class='ocrx_word' id='word_1_114' title='bbox 1032 1377 1176 1439; x_wconf 82' lang='lat' dir='ltr'>iubeare.</span> <span class='ocrx_word' id='word_1_115' title='bbox 1208 1379 1310 1462; x_wconf 75' lang='lat' dir='ltr'>lioga-</span> 
     </span>
    </p>

    <p class='ocr_par' dir='ltr' id='par_1_14' title="bbox 148 1456 1308 1539">
     <span class='ocr_line' id='line_1_14' title="bbox 148 1456 1308 1539; baseline 0.003 -21"><span class='ocrx_word' id='word_1_116' title='bbox 148 1460 153 1467; x_wconf 79' lang='grc'><strong><em>’</em></strong></span> <span class='ocrx_word' id='word_1_117' title='bbox 239 1472 331 1521; x_wconf 79' lang='lat' dir='ltr'><em>verat</em></span> <span class='ocrx_word' id='word_1_118' title='bbox 351 1456 485 1539; x_wconf 83' lang='lat' dir='ltr'>quidem</span> <span class='ocrx_word' id='word_1_119' title='bbox 509 1457 671 1519; x_wconf 85' lang='lat' dir='ltr'>Charinus</span> <span class='ocrx_word' id='word_1_120' title='bbox 697 1478 861 1529; x_wconf 75' lang='lat' dir='ltr'>v.14.15.</span> <span class='ocrx_word' id='word_1_121' title='bbox 886 1461 1062 1521; x_wconf 70' lang='lat' dir='ltr'>narrationi</span> <span class='ocrx_word' id='word_1_122' title='bbox 1082 1458 1156 1522; x_wconf 83' lang='lat' dir='ltr'>suae</span> <span class='ocrx_word' id='word_1_123' title='bbox 1179 1462 1308 1524; x_wconf 82' lang='lat' dir='ltr'>audien-</span> 
     </span>
    </p>

    <p class='ocr_par' dir='ltr' id='par_1_15' title="bbox 231 1540 1310 1629">
     <span class='ocr_line' id='line_1_15' title="bbox 231 1540 1310 1629; baseline 0.009 -30"><span class='ocrx_word' id='word_1_124' title='bbox 231 1546 332 1615; x_wconf 61' lang='lat' dir='ltr'>tiam,</span> <span class='ocrx_word' id='word_1_125' title='bbox 350 1540 416 1612; x_wconf 78' lang='lat' dir='ltr'><strong>sed,</strong></span> <span class='ocrx_word' id='word_1_126' title='bbox 436 1542 531 1621; x_wconf 81' lang='lat' dir='ltr'>prius</span> <span class='ocrx_word' id='word_1_127' title='bbox 547 1562 647 1623; x_wconf 79' lang='lat' dir='ltr'>qnam</span> <span class='ocrx_word' id='word_1_128' title='bbox 666 1541 830 1620; x_wconf 81' lang='lat' dir='ltr'>adcipetet</span> <span class='ocrx_word' id='word_1_129' title='bbox 849 1543 1022 1615; x_wconf 88' lang='lat' dir='ltr'>indicium,</span> <span class='ocrx_word' id='word_1_130' title='bbox 1046 1550 1135 1628; x_wconf 84' lang='lat' dir='ltr'><em>quad</em></span> <span class='ocrx_word' id='word_1_131' title='bbox 1153 1562 1227 1609; x_wconf 81' lang='lat' dir='ltr'><em>erat</em></span> <span class='ocrx_word' id='word_1_132' title='bbox 1238 1572 1310 1629; x_wconf 80' lang='lat' dir='ltr'>per·</span> 
     </span>
    </p>

    <p class='ocr_par' dir='ltr' id='par_1_16' title="bbox 239 1621 1313 1717">
     <span class='ocr_line' id='line_1_16' title="bbox 239 1621 1313 1717; baseline 0.007 -27"><span class='ocrx_word' id='word_1_133' title='bbox 239 1640 409 1699; x_wconf 79' lang='lat' dir='ltr'><em>cantatus,</em></span> <span class='ocrx_word' id='word_1_134' title='bbox 434 1624 501 1711; x_wconf 85' lang='lat' dir='ltr'>ipse</span> <span class='ocrx_word' id='word_1_135' title='bbox 522 1626 611 1687; x_wconf 79' lang='lat' dir='ltr'>illico</span> <span class='ocrx_word' id='word_1_136' title='bbox 632 1628 788 1686; x_wconf 80' lang='lat' dir='ltr'>indiciam</span> <span class='ocrx_word' id='word_1_137' title='bbox 800 1621 917 1717; x_wconf 80' lang='lat' dir='ltr'>sumit,</span> <span class='ocrx_word' id='word_1_138' title='bbox 940 1644 1057 1698; x_wconf 79' lang='lat' dir='ltr'>narrat,</span> <span class='ocrx_word' id='word_1_139' title='bbox 1081 1635 1167 1715; x_wconf 81' lang='lat' dir='ltr'>quafi</span> <span class='ocrx_word' id='word_1_140' title='bbox 1184 1624 1313 1697; x_wconf 55' lang='lat' dir='ltr'>narrata</span> 
     </span>
    </p>

    <p class='ocr_par' dir='ltr' id='par_1_17' title="bbox 237 1714 1309 1802">
     <span class='ocr_line' id='line_1_17' title="bbox 237 1714 1309 1802; baseline 0.001 -27"><span class='ocrx_word' id='word_1_141' title='bbox 237 1714 355 1784; x_wconf 75' lang='lat' dir='ltr'>iatius,</span> <span class='ocrx_word' id='word_1_142' title='bbox 375 1714 411 1772; x_wconf 90' lang='lat' dir='ltr'>in</span> <span class='ocrx_word' id='word_1_143' title='bbox 433 1731 538 1795; x_wconf 81' lang='lat' dir='ltr'>eoque</span> <span class='ocrx_word' id='word_1_144' title='bbox 556 1733 673 1790; x_wconf 80' lang='lat' dir='ltr'><em>param</em></span> <span class='ocrx_word' id='word_1_145' title='bbox 688 1732 777 1771; x_wconf 74' lang='lat' dir='ltr'><em>mora</em></span> <span class='ocrx_word' id='word_1_146' title='bbox 790 1715 950 1775; x_wconf 81' lang='lat' dir='ltr'>maiarum</span> <span class='ocrx_word' id='word_1_147' title='bbox 974 1714 1104 1802; x_wconf 61' lang='lat' dir='ltr'>ivstitia</span> <span class='ocrx_word' id='word_1_148' title='bbox 1132 1716 1192 1787; x_wconf 18' lang='lat' dir='ltr'>&#39;ct‘</span> <span class='ocrx_word' id='word_1_149' title='bbox 1209 1742 1241 1779; x_wconf 78' lang='lat' dir='ltr'>v.</span> <span class='ocrx_word' id='word_1_150' title='bbox 1259 1742 1309 1794; x_wconf 78' lang='lat'>37.</span> 
     </span>
    </p>

    <p class='ocr_par' dir='ltr' id='par_1_18' title="bbox 150 1792 1309 1889">
     <span class='ocr_line' id='line_1_18' title="bbox 150 1792 1309 1889; baseline 0.004 -28"><span class='ocrx_word' id='word_1_151' title='bbox 150 1858 155 1871; x_wconf 83' lang='grc'><em>,</em></span> <span class='ocrx_word' id='word_1_152' title='bbox 236 1801 295 1862; x_wconf 81' lang='lat' dir='ltr'>vbi</span> <span class='ocrx_word' id='word_1_153' title='bbox 316 1792 521 1880; x_wconf 80' lang='lat' dir='ltr'>multiloquio</span> <span class='ocrx_word' id='word_1_154' title='bbox 543 1793 575 1856; x_wconf 86' lang='lat' dir='ltr'>se</span> <span class='ocrx_word' id='word_1_155' title='bbox 598 1815 732 1879; x_wconf 82' lang='lat' dir='ltr'>peccare</span> <span class='ocrx_word' id='word_1_156' title='bbox 753 1795 874 1858; x_wconf 78' lang='lat' dir='ltr'>fatetur</span> <span class='ocrx_word' id='word_1_157' title='bbox 889 1833 931 1844; x_wconf 92' lang='lat'>-—</span> <span class='ocrx_word' id='word_1_158' title='bbox 960 1799 1001 1859; x_wconf 84' lang='lat' dir='ltr'>ad</span> <span class='ocrx_word' id='word_1_159' title='bbox 1022 1800 1102 1859; x_wconf 79' lang='lat' dir='ltr'>veri.</span> <span class='ocrx_word' id='word_1_160' title='bbox 1123 1811 1154 1863; x_wconf 82' lang='lat'>18</span> <span class='ocrx_word' id='word_1_161' title='bbox 1170 1801 1237 1889; x_wconf 78' lang='lat' dir='ltr'>sqq.</span> <span class='ocrx_word' id='word_1_162' title='bbox 1266 1804 1309 1866; x_wconf 82' lang='lat' dir='ltr'>cf.</span> 
     </span>
    </p>

    <p class='ocr_par' dir='ltr' id='par_1_19' title="bbox 237 1876 1311 1978">
     <span class='ocr_line' id='line_1_19' title="bbox 237 1876 1311 1978; baseline 0.005 -33"><span class='ocrx_word' id='word_1_163' title='bbox 237 1884 311 1945; x_wconf 85' lang='lat' dir='ltr'><strong>Ter.</strong></span> <span class='ocrx_word' id='word_1_164' title='bbox 329 1882 418 1942; x_wconf 86' lang='lat' dir='ltr'>Eun.</span> <span class='ocrx_word' id='word_1_165' title='bbox 437 1901 505 1943; x_wconf 87' lang='lat'>1.1.</span> <span class='ocrx_word' id='word_1_166' title='bbox 528 1901 561 1954; x_wconf 84' lang='lat'>14</span> <span class='ocrx_word' id='word_1_167' title='bbox 580 1880 646 1965; x_wconf 83' lang='lat' dir='ltr'><strong>sqq.</strong></span> <span class='ocrx_word' id='word_1_168' title='bbox 670 1880 704 1941; x_wconf 84' lang='grc' dir='ltr'>ἰιι</span> <span class='ocrx_word' id='word_1_169' title='bbox 724 1876 836 1941; x_wconf 45' lang='lat' dir='ltr'>amorex</span> <span class='ocrx_word' id='word_1_170' title='bbox 855 1884 935 1942; x_wconf 76' lang='lat' dir='ltr'><em>haec</em></span> <span class='ocrx_word' id='word_1_171' title='bbox 947 1880 1066 1947; x_wconf 63' lang='lat' dir='ltr'>&#39;nantia</span> <span class='ocrx_word' id='word_1_172' title='bbox 1089 1883 1200 1978; x_wconf 68' lang='lat' dir='ltr'>infinit</span> <span class='ocrx_word' id='word_1_173' title='bbox 1219 1890 1311 1950; x_wconf 82' lang='lat' dir='ltr'>vitia</span> 
     </span>
    </p>

    <p class='ocr_par' dir='ltr' id='par_1_20' title="bbox 236 1967 1311 2055">
     <span class='ocr_line' id='line_1_20' title="bbox 236 1967 1311 2055; baseline 0.007 -30"><span class='ocrx_word' id='word_1_174' title='bbox 236 1984 299 2039; x_wconf 69' lang='lat' dir='ltr'>ate.</span> <span class='ocrx_word' id='word_1_175' title='bbox 314 2002 356 2015; x_wconf 89' lang='lat'>-</span> <span class='ocrx_word' id='word_1_176' title='bbox 380 1988 428 2028; x_wconf 86' lang='lat'>20.</span> <span class='ocrx_word' id='word_1_177' title='bbox 445 1986 608 2049; x_wconf 62' lang='lat' dir='ltr'>anemae,</span> <span class='ocrx_word' id='word_1_178' title='bbox 629 1987 881 2050; x_wconf 86' lang='lat' dir='ltr'><strong>quemcumque,</strong></span> <span class='ocrx_word' id='word_1_179' title='bbox 895 1970 952 2050; x_wconf 86' lang='lat' dir='ltr'>qui</span> <span class='ocrx_word' id='word_1_180' title='bbox 969 1967 1111 2032; x_wconf 77' lang='lat' dir='ltr'>stantum</span> <span class='ocrx_word' id='word_1_181' title='bbox 1128 1977 1311 2055; x_wconf 83' lang='lat' dir='ltr'>praebet-</span> 
     </span>
    </p>

    <p class='ocr_par' dir='ltr' id='par_1_21' title="bbox 241 2049 1310 2142">
     <span class='ocr_line' id='line_1_21' title="bbox 241 2049 1310 2142; baseline 0.007 -29"><span class='ocrx_word' id='word_1_182' title='bbox 241 2074 290 2117; x_wconf 86' lang='lat'>21.</span> <span class='ocrx_word' id='word_1_183' title='bbox 313 2050 446 2138; x_wconf 81' lang='lat' dir='ltr'>paterii</span> <span class='ocrx_word' id='word_1_184' title='bbox 475 2052 584 2115; x_wconf 83' lang='lat' dir='ltr'>sumtu</span> <span class='ocrx_word' id='word_1_185' title='bbox 614 2053 650 2113; x_wconf 82' lang='lat' dir='ltr'>fit</span> <span class='ocrx_word' id='word_1_186' title='bbox 673 2049 860 2125; x_wconf 79' lang='lat' dir='ltr'>exhaustus,</span> <span class='ocrx_word' id='word_1_187' title='bbox 900 2054 1159 2125; x_wconf 72' lang='lat' dir='ltr'>ontnisiamilia</span> <span class='ocrx_word' id='word_1_188' title='bbox 1187 2076 1310 2142; x_wconf 79' lang='lat' dir='ltr'>magno</span> 
     </span>
    </p>

    <p class='ocr_par' dir='ltr' id='par_1_22' title="bbox 142 2131 1310 2232">
     <span class='ocr_line' id='line_1_22' title="bbox 142 2131 1310 2232; baseline 0.003 -30"><span class='ocrx_word' id='word_1_189' title='bbox 142 2209 145 2221; x_wconf 34' lang='grc' dir='ltr'>Ι</span> <span class='ocrx_word' id='word_1_190' title='bbox 236 2141 413 2203; x_wconf 85' lang='lat' dir='ltr'>mulctatur</span> <span class='ocrx_word' id='word_1_191' title='bbox 431 2135 615 2205; x_wconf 80' lang='lat' dir='ltr'>iniortuuia</span> <span class='ocrx_word' id='word_1_192' title='bbox 632 2172 673 2185; x_wconf 85' lang='lat'>-</span> <span class='ocrx_word' id='word_1_193' title='bbox 693 2131 820 2232; x_wconf 81' lang='lat' dir='ltr'>[olidas</span> <span class='ocrx_word' id='word_1_194' title='bbox 845 2136 904 2200; x_wconf 80' lang='lat' dir='ltr'>est:</span> <span class='ocrx_word' id='word_1_195' title='bbox 929 2160 1077 2224; x_wconf 80' lang='lat' dir='ltr'>magnus,</span> <span class='ocrx_word' id='word_1_196' title='bbox 1101 2141 1167 2215; x_wconf 78' lang='lat' dir='ltr'>ten,</span> <span class='ocrx_word' id='word_1_197' title='bbox 1193 2161 1230 2205; x_wconf 84' lang='lat' dir='ltr'>vt</span> <span class='ocrx_word' id='word_1_198' title='bbox 1252 2146 1310 2206; x_wconf 89' lang='lat' dir='ltr'>hic</span> 
     </span>
    </p>

    <p class='ocr_par' dir='ltr' id='par_1_23' title="bbox 238 2222 1308 2307">
     <span class='ocr_line' id='line_1_23' title="bbox 238 2222 1308 2307; baseline 0.005 -21"><span class='ocrx_word' id='word_1_199' title='bbox 238 2245 316 2287; x_wconf 87' lang='lat' dir='ltr'>cum</span> <span class='ocrx_word' id='word_1_200' title='bbox 336 2246 474 2305; x_wconf 77' lang='lat' dir='ltr'>magnas</span> <span class='ocrx_word' id='word_1_201' title='bbox 495 2226 646 2284; x_wconf 87' lang='lat' dir='ltr'>iunctum</span> <span class='ocrx_word' id='word_1_202' title='bbox 666 2228 726 2290; x_wconf 82' lang='lat' dir='ltr'>eit,</span> <span class='ocrx_word' id='word_1_203' title='bbox 749 2224 790 2283; x_wconf 87' lang='lat' dir='ltr'>fic</span> <span class='ocrx_word' id='word_1_204' title='bbox 814 2222 908 2286; x_wconf 84' lang='lat' dir='ltr'><strong>Cure.</strong></span> <span class='ocrx_word' id='word_1_205' title='bbox 927 2245 953 2298; x_wconf 83' lang='lat'>3.</span> <span class='ocrx_word' id='word_1_206' title='bbox 971 2247 1018 2298; x_wconf 53' lang='lat'>35⁶</span> <span class='ocrx_word' id='word_1_207' title='bbox 1045 2247 1122 2288; x_wconf 88' lang='lat' dir='ltr'>cnm</span> <span class='ocrx_word' id='word_1_208' title='bbox 1145 2231 1308 2307; x_wconf 74' lang='lat' dir='ltr'>grandis:</span> 
     </span>
    </p>

    <p class='ocr_par' dir='ltr' id='par_1_24' title="bbox 227 2304 1309 2405">
     <span class='ocr_line' id='line_1_24' title="bbox 227 2304 1309 2405; baseline 0.004 -32"><span class='ocrx_word' id='word_1_209' title='bbox 227 2304 376 2405; x_wconf 80' lang='lat' dir='ltr'>solidam</span> <span class='ocrx_word' id='word_1_210' title='bbox 397 2322 429 2370; x_wconf 82' lang='lat' dir='ltr'>et</span> <span class='ocrx_word' id='word_1_211' title='bbox 445 2310 603 2389; x_wconf 77' lang='lat' dir='ltr'><strong><em>grandem</em></strong></span> <span class='ocrx_word' id='word_1_212' title='bbox 622 2309 768 2388; x_wconf 78' lang='lat' dir='ltr'><em>gratiam</em></span> <span class='ocrx_word' id='word_1_213' title='bbox 786 2345 829 2356; x_wconf 88' lang='lat'><em>-</em></span> <span class='ocrx_word' id='word_1_214' title='bbox 855 2332 901 2379; x_wconf 70' lang='grc' dir='ltr'>ις.</span> <span class='ocrx_word' id='word_1_215' title='bbox 917 2332 1000 2389; x_wconf 77' lang='lat' dir='ltr'>prae</span> <span class='ocrx_word' id='word_1_216' title='bbox 1017 2315 1121 2395; x_wconf 80' lang='lat' dir='ltr'>magis</span> <span class='ocrx_word' id='word_1_217' title='bbox 1141 2337 1236 2396; x_wconf 82' lang='lat' dir='ltr'><em>qaam</em></span> <span class='ocrx_word' id='word_1_218' title='bbox 1255 2340 1309 2379; x_wconf 82' lang='lat' dir='ltr'>res</span> 
     </span>
    </p>

    <p class='ocr_par' dir='ltr' id='par_1_25' title="bbox 236 2387 1311 2480">
     <span class='ocr_line' id='line_1_25' title="bbox 236 2387 1311 2480; baseline 0.004 -21"><span class='ocrx_word' id='word_1_219' title='bbox 236 2395 351 2459; x_wconf 78' lang='lat' dir='ltr'>censue</span> <span class='ocrx_word' id='word_1_220' title='bbox 367 2395 498 2475; x_wconf 76' lang='lat' dir='ltr'>patitur</span> <span class='ocrx_word' id='word_1_221' title='bbox 518 2430 561 2440; x_wconf 93' lang='lat'>-</span> <span class='ocrx_word' id='word_1_222' title='bbox 590 2414 638 2465; x_wconf 76' lang='grc' dir='ltr'>ις.</span> <span class='ocrx_word' id='word_1_223' title='bbox 657 2387 818 2480; x_wconf 80' lang='lat' dir='ltr'>insomnia</span> <span class='ocrx_word' id='word_1_224' title='bbox 846 2395 1010 2480; x_wconf 81' lang='lat' dir='ltr'>plerisque</span> <span class='ocrx_word' id='word_1_225' title='bbox 1030 2399 1161 2459; x_wconf 85' lang='lat' dir='ltr'>videtur</span> <span class='ocrx_word' id='word_1_226' title='bbox 1179 2401 1311 2472; x_wconf 74' lang='grc' dir='ltr'>α’ϋπνία,</span> 
     </span>
    </p>

    <p class='ocr_par' dir='ltr' id='par_1_26' title="bbox 234 2476 1310 2568">
     <span class='ocr_line' id='line_1_26' title="bbox 234 2476 1310 2568; baseline 0.007 -26"><span class='ocrx_word' id='word_1_227' title='bbox 234 2483 431 2544; x_wconf 79' lang='lat' dir='ltr'>fisomnum</span> <span class='ocrx_word' id='word_1_228' title='bbox 459 2498 575 2558; x_wconf 83' lang='lat' dir='ltr'><strong>capere</strong></span> <span class='ocrx_word' id='word_1_229' title='bbox 601 2497 760 2561; x_wconf 69' lang='lat' dir='ltr'>nequeas,</span> <span class='ocrx_word' id='word_1_230' title='bbox 792 2495 828 2540; x_wconf 85' lang='lat' dir='ltr'>vt</span> <span class='ocrx_word' id='word_1_231' title='bbox 846 2481 927 2541; x_wconf 83' lang='lat' dir='ltr'>haec</span> <span class='ocrx_word' id='word_1_232' title='bbox 949 2476 1031 2553; x_wconf 81' lang='lat' dir='ltr'>vox&#39;,</span> <span class='ocrx_word' id='word_1_233' title='bbox 1057 2485 1136 2545; x_wconf 82' lang='lat' dir='ltr'>ficut</span> <span class='ocrx_word' id='word_1_234' title='bbox 1159 2487 1310 2568; x_wconf 78' lang='lat' dir='ltr'>retiquae</span> 
     </span>
    </p>

    <p class='ocr_par' dir='ltr' id='par_1_27' title="bbox 234 2561 1310 2649">
     <span class='ocr_line' id='line_1_27' title="bbox 234 2561 1310 2649; baseline 0.005 -21"><span class='ocrx_word' id='word_1_235' title='bbox 234 2569 269 2628; x_wconf 88' lang='lat' dir='ltr'>h.</span> <span class='ocrx_word' id='word_1_236' title='bbox 287 2569 310 2626; x_wconf 87' lang='lat'>1.</span> <span class='ocrx_word' id='word_1_237' title='bbox 340 2582 471 2629; x_wconf 80' lang='lat' dir='ltr'>omnes,</span> <span class='ocrx_word' id='word_1_238' title='bbox 501 2564 534 2622; x_wconf 92' lang='lat' dir='ltr'>in</span> <span class='ocrx_word' id='word_1_239' title='bbox 569 2583 708 2624; x_wconf 75' lang='lat' dir='ltr'>numero</span> <span class='ocrx_word' id='word_1_240' title='bbox 738 2561 881 2625; x_wconf 81' lang='lat' dir='ltr'>sumatur</span> <span class='ocrx_word' id='word_1_241' title='bbox 912 2567 1080 2649; x_wconf 83' lang='lat' dir='ltr'>fingulari;</span> <span class='ocrx_word' id='word_1_242' title='bbox 1119 2569 1310 2633; x_wconf 68' lang='lat' dir='ltr'>Passeratius</span> 
     </span>
    </p>

    <p class='ocr_par' dir='ltr' id='par_1_28' title="bbox 228 2645 1309 2736">
     <span class='ocr_line' id='line_1_28' title="bbox 228 2645 1309 2736; baseline 0.006 -26"><span class='ocrx_word' id='word_1_243' title='bbox 228 2664 343 2711; x_wconf 58' lang='lat' dir='ltr'>sautem</span> <span class='ocrx_word' id='word_1_244' title='bbox 369 2649 523 2730; x_wconf 85' lang='lat' dir='ltr'>intelligit</span> <span class='ocrx_word' id='word_1_245' title='bbox 548 2649 673 2708; x_wconf 76' lang='grc' dir='ltr'>ένύπνωι</span> <span class='ocrx_word' id='word_1_246' title='bbox 695 2645 762 2707; x_wconf 75' lang='lat' dir='ltr'>visa</span> <span class='ocrx_word' id='word_1_247' title='bbox 790 2664 945 2712; x_wconf 83' lang='lat' dir='ltr'>nocturna</span> <span class='ocrx_word' id='word_1_248' title='bbox 970 2687 1010 2700; x_wconf 83' lang='lat'>-</span> <span class='ocrx_word' id='word_1_249' title='bbox 1043 2677 1092 2725; x_wconf 72' lang='lat'>3³·</span> <span class='ocrx_word' id='word_1_250' title='bbox 1117 2677 1200 2736; x_wconf 75' lang='lat' dir='ltr'><em>quae</em></span> <span class='ocrx_word' id='word_1_251' title='bbox 1222 2657 1309 2717; x_wconf 68' lang='lat' dir='ltr'>»nait</span> 
     </span>
    </p>

    <p class='ocr_par' dir='ltr' id='par_1_29' title="bbox 170 2732 1306 2823">
     <span class='ocr_line' id='line_1_29' title="bbox 170 2732 1306 2823; baseline 0.004 -27"><span class='ocrx_word' id='word_1_252' title='bbox 170 2753 177 2770; x_wconf 62' lang='lat'>⁸</span> <span class='ocrx_word' id='word_1_253' title='bbox 233 2738 413 2816; x_wconf 80' lang='lat' dir='ltr'>adtingunt</span> <span class='ocrx_word' id='word_1_254' title='bbox 433 2732 582 2796; x_wconf 79' lang='lat' dir='ltr'>adtinent</span> <span class='ocrx_word' id='word_1_255' title='bbox 601 2734 647 2793; x_wconf 82' lang='lat' dir='ltr'>ad</span> <span class='ocrx_word' id='word_1_256' title='bbox 666 2754 730 2792; x_wconf 87' lang='lat' dir='ltr'>rem</span> <span class='ocrx_word' id='word_1_257' title='bbox 748 2768 791 2781; x_wconf 91' lang='lat'>-</span> <span class='ocrx_word' id='word_1_258' title='bbox 817 2757 862 2806; x_wconf 72' lang='lat'>37.</span> <span class='ocrx_word' id='word_1_259' title='bbox 888 2737 1126 2821; x_wconf 79' lang='lat' dir='ltr'><em>multiloquium</em></span> <span class='ocrx_word' id='word_1_260' title='bbox 1148 2740 1237 2823; x_wconf 85' lang='lat' dir='ltr'>quod</span> <span class='ocrx_word' id='word_1_261' title='bbox 1255 2762 1306 2801; x_wconf 84' lang='lat' dir='ltr'>ex-</span> 
     </span>
    </p>

    <p class='ocr_par' dir='ltr' id='par_1_30' title="bbox 235 2817 1306 2903">
     <span class='ocr_line' id='line_1_30' title="bbox 235 2817 1306 2903; baseline 0.005 -22"><span class='ocrx_word' id='word_1_262' title='bbox 235 2819 425 2890; x_wconf 81' lang='lat' dir='ltr'>cusat‚·est‚</span> <span class='ocrx_word' id='word_1_263' title='bbox 454 2840 520 2903; x_wconf 89' lang='lat' dir='ltr'>qua</span> <span class='ocrx_word' id='word_1_264' title='bbox 547 2817 764 2901; x_wconf 85' lang='lat' dir='ltr'>spectatorum</span> <span class='ocrx_word' id='word_1_265' title='bbox 791 2838 884 2883; x_wconf 79' lang='lat' dir='ltr'>aures</span> <span class='ocrx_word' id='word_1_266' title='bbox 909 2822 950 2881; x_wconf 89' lang='lat' dir='ltr'>de</span> <span class='ocrx_word' id='word_1_267' title='bbox 973 2843 1081 2884; x_wconf 84' lang='lat' dir='ltr'><strong>amore</strong></span> <span class='ocrx_word' id='word_1_268' title='bbox 1107 2822 1164 2887; x_wconf 78' lang='lat' dir='ltr'>ino</span> <span class='ocrx_word' id='word_1_269' title='bbox 1188 2825 1306 2888; x_wconf 87' lang='lat' dir='ltr'>obtun-</span> 
     </span>
    </p>

    <p class='ocr_par' dir='ltr' id='par_1_31' title="bbox 235 2903 1305 2993">
     <span class='ocr_line' id='line_1_31' title="bbox 235 2903 1305 2993; baseline 0.002 -23"><span class='ocrx_word' id='word_1_270' title='bbox 235 2908 311 2978; x_wconf 76' lang='lat' dir='ltr'><strong>dere</strong></span> <span class='ocrx_word' id='word_1_271' title='bbox 328 2908 529 2967; x_wconf 81' lang='lat' dir='ltr'>minatur-</span> <span class='ocrx_word' id='word_1_272' title='bbox 557 2912 604 2974; x_wconf 81' lang='lat'>38.</span> <span class='ocrx_word' id='word_1_273' title='bbox 620 2903 685 2964; x_wconf 88' lang='lat' dir='ltr'>hoc</span> <span class='ocrx_word' id='word_1_274' title='bbox 700 2924 779 2965; x_wconf 84' lang='lat' dir='ltr'>vero</span> <span class='ocrx_word' id='word_1_275' title='bbox 800 2904 995 2967; x_wconf 76' lang='lat' dir='ltr'>excusatum‘</span> <span class='ocrx_word' id='word_1_276' title='bbox 1007 2911 1097 2993; x_wconf 74' lang='lat' dir='ltr'>cupit</span> <span class='ocrx_word' id='word_1_277' title='bbox 1112 2912 1222 2972; x_wconf 74' lang='lat' dir='ltr'><em>eodem</em></span> <span class='ocrx_word' id='word_1_278' title='bbox 1237 2914 1305 2984; x_wconf 79' lang='lat' dir='ltr'>die,</span> 
     </span>
    </p>

    <p class='ocr_par' dir='ltr' id='par_1_32' title="bbox 232 2989 1305 3080">
     <span class='ocr_line' id='line_1_32' title="bbox 232 2989 1305 3080; baseline 0.007 -27"><span class='ocrx_word' id='word_1_279' title='bbox 232 3013 296 3077; x_wconf 84' lang='lat' dir='ltr'>qao</span> <span class='ocrx_word' id='word_1_280' title='bbox 323 2993 434 3054; x_wconf 79' lang='lat' dir='ltr'><em>Venas</em></span> <span class='ocrx_word' id='word_1_281' title='bbox 467 2991 498 3050; x_wconf 79' lang='lat' dir='ltr'>ei</span> <span class='ocrx_word' id='word_1_282' title='bbox 526 3005 667 3049; x_wconf 85' lang='lat' dir='ltr'><em>amorem</em></span> <span class='ocrx_word' id='word_1_283' title='bbox 699 2989 863 3068; x_wconf 76' lang='lat' dir='ltr'>legazterit</span> <span class='ocrx_word' id='word_1_284' title='bbox 892 2993 1056 3076; x_wconf 79' lang='lat' dir='ltr'><strong>intelligo:</strong></span> <span class='ocrx_word' id='word_1_285' title='bbox 1101 3017 1166 3079; x_wconf 89' lang='lat' dir='ltr'>quo</span> <span class='ocrx_word' id='word_1_286' title='bbox 1197 3013 1305 3080; x_wconf 71' lang='lat' dir='ltr'>partes</span> 
     </span>
    </p>

    <p class='ocr_par' dir='ltr' id='par_1_33' title="bbox 131 3063 1307 3163">
     <span class='ocr_line' id='line_1_33' title="bbox 131 3063 1307 3163; baseline 0.005 -26"><span class='ocrx_word' id='word_1_287' title='bbox 131 3063 135 3080; x_wconf 57' lang='lat'><strong>⁴</strong></span> <span class='ocrx_word' id='word_1_288' title='bbox 165 3101 169 3110; x_wconf 71' lang='lat'><strong><em>¹</em></strong></span> <span class='ocrx_word' id='word_1_289' title='bbox 232 3079 387 3138; x_wconf 76' lang='lat' dir='ltr'>amatoris</span> <span class='ocrx_word' id='word_1_290' title='bbox 408 3073 613 3136; x_wconf 78' lang='lat' dir='ltr'>sustinendae</span> <span class='ocrx_word' id='word_1_291' title='bbox 636 3074 692 3134; x_wconf 82' lang='lat' dir='ltr'>fibi</span> <span class='ocrx_word' id='word_1_292' title='bbox 718 3076 777 3135; x_wconf 84' lang='lat' dir='ltr'>tint</span> <span class='ocrx_word' id='word_1_293' title='bbox 795 3109 838 3125; x_wconf 85' lang='lat'>-·</span> <span class='ocrx_word' id='word_1_294' title='bbox 872 3097 922 3148; x_wconf 85' lang='lat'>40.</span> <span class='ocrx_word' id='word_1_295' title='bbox 944 3081 1111 3158; x_wconf 80' lang='lat' dir='ltr'>principia</span> <span class='ocrx_word' id='word_1_296' title='bbox 1138 3093 1235 3163; x_wconf 77' lang='lat' dir='ltr'><em>atque</em></span> <span class='ocrx_word' id='word_1_297' title='bbox 1268 3097 1307 3144; x_wconf 87' lang='lat' dir='ltr'>vt</span> 
     </span>
    </p>

    <p class='ocr_par' dir='ltr' id='par_1_34' title="bbox 230 3151 1305 3255">
     <span class='ocr_line' id='line_1_34' title="bbox 230 3151 1305 3255; baseline 0.007 -34"><span class='ocrx_word' id='word_1_298' title='bbox 230 3151 373 3248; x_wconf 85' lang='lat' dir='ltr'>primum</span> <span class='ocrx_word' id='word_1_299' title='bbox 388 3194 432 3207; x_wconf 89' lang='lat'>-—</span> <span class='ocrx_word' id='word_1_300' title='bbox 452 3162 580 3221; x_wconf 83' lang='lat' dir='ltr'>animas</span> <span class='ocrx_word' id='word_1_301' title='bbox 594 3160 679 3219; x_wconf 82' lang='lat' dir='ltr'>exiit</span> <span class='ocrx_word' id='word_1_302' title='bbox 694 3180 755 3242; x_wconf 84' lang='lat' dir='ltr'>ego</span> <span class='ocrx_word' id='word_1_303' title='bbox 769 3161 834 3220; x_wconf 86' lang='lat' dir='ltr'>exii</span> <span class='ocrx_word' id='word_1_304' title='bbox 852 3195 895 3207; x_wconf 93' lang='grc'>-</span> <span class='ocrx_word' id='word_1_305' title='bbox 918 3185 968 3232; x_wconf 71' lang='lat'>43.</span> <span class='ocrx_word' id='word_1_306' title='bbox 992 3186 1043 3223; x_wconf 83' lang='lat' dir='ltr'>res</span> <span class='ocrx_word' id='word_1_307' title='bbox 1058 3158 1241 3255; x_wconf 75' lang='lat' dir='ltr'>eoefitiatnm</span> <span class='ocrx_word' id='word_1_308' title='bbox 1257 3169 1305 3228; x_wconf 77' lang='lat' dir='ltr'>acl</span> 
     </span>
    </p>

    <p class='ocr_par' dir='ltr' id='par_1_35' title="bbox 232 3241 1303 3326">
     <span class='ocr_line' id='line_1_35' title="bbox 232 3241 1303 3326; baseline 0.002 -15"><span class='ocrx_word' id='word_1_309' title='bbox 232 3249 324 3311; x_wconf 80' lang='lat' dir='ltr'><em>illam</em></span> <span class='ocrx_word' id='word_1_310' title='bbox 343 3246 457 3305; x_wconf 85' lang='lat' dir='ltr'><em>abibat</em></span> <span class='ocrx_word' id='word_1_311' title='bbox 476 3244 544 3307; x_wconf 87' lang='lat' dir='ltr'>vid.</span> <span class='ocrx_word' id='word_1_312' title='bbox 563 3241 658 3305; x_wconf 80' lang='lat' dir='ltr'>Cure.</span> <span class='ocrx_word' id='word_1_313' title='bbox 673 3266 704 3319; x_wconf 78' lang='lat'>4·</span> <span class='ocrx_word' id='word_1_314' title='bbox 718 3265 747 3316; x_wconf 83' lang='lat'>4·</span> <span class='ocrx_word' id='word_1_315' title='bbox 763 3266 788 3316; x_wconf 83' lang='lat'>3·</span> <span class='ocrx_word' id='word_1_316' title='bbox 805 3278 848 3295; x_wconf 81' lang='lat'>·-·</span> <span class='ocrx_word' id='word_1_317' title='bbox 870 3247 951 3308; x_wconf 83' lang='lat' dir='ltr'><em>clam</em></span> <span class='ocrx_word' id='word_1_318' title='bbox 965 3250 1077 3326; x_wconf 77' lang='lat' dir='ltr'>patris</span> <span class='ocrx_word' id='word_1_319' title='bbox 1099 3270 1175 3311; x_wconf 87' lang='lat' dir='ltr'>cnm</span> <span class='ocrx_word' id='word_1_320' title='bbox 1196 3255 1303 3313; x_wconf 85' lang='lat' dir='ltr'>amni·</span> 
     </span>
    </p>

    <p class='ocr_par' dir='ltr' id='par_1_36' title="bbox 231 3330 1302 3421">
     <span class='ocr_line' id='line_1_36' title="bbox 231 3330 1302 3421; baseline 0.006 -27"><span class='ocrx_word' id='word_1_321' title='bbox 231 3336 293 3395; x_wconf 80' lang='lat' dir='ltr'>bus</span> <span class='ocrx_word' id='word_1_322' title='bbox 311 3331 430 3392; x_wconf 79' lang='lat' dir='ltr'>cafibus</span> <span class='ocrx_word' id='word_1_323' title='bbox 451 3330 594 3413; x_wconf 80' lang='lat' dir='ltr'>obliquis</span> <span class='ocrx_word' id='word_1_324' title='bbox 616 3332 698 3390; x_wconf 82' lang='lat' dir='ltr'><em>ctam</em></span> <span class='ocrx_word' id='word_1_325' title='bbox 718 3332 879 3413; x_wconf 82' lang='lat' dir='ltr'>reperitur</span> <span class='ocrx_word' id='word_1_326' title='bbox 900 3336 1055 3415; x_wconf 74' lang='lat' dir='ltr'>potitum,</span> <span class='ocrx_word' id='word_1_327' title='bbox 1080 3332 1135 3394; x_wconf 86' lang='lat' dir='ltr'>sed</span> <span class='ocrx_word' id='word_1_328' title='bbox 1156 3357 1233 3398; x_wconf 86' lang='lat' dir='ltr'>cum</span> <span class='ocrx_word' id='word_1_329' title='bbox 1248 3358 1302 3421; x_wconf 83' lang='lat' dir='ltr'>ge·</span> 
     </span>
    </p>

    <p class='ocr_par' dir='ltr' id='par_1_37' title="bbox 146 3415 1304 3504">
     <span class='ocr_line' id='line_1_37' title="bbox 146 3415 1304 3504; baseline 0.008 -30"><span class='ocrx_word' id='word_1_330' title='bbox 146 3469 152 3474; x_wconf 84' lang='lat'>.</span> <span class='ocrx_word' id='word_1_331' title='bbox 230 3421 339 3481; x_wconf 86' lang='lat' dir='ltr'>nitino</span> <span class='ocrx_word' id='word_1_332' title='bbox 361 3417 465 3474; x_wconf 78' lang='lat' dir='ltr'>rarius</span> <span class='ocrx_word' id='word_1_333' title='bbox 484 3448 528 3460; x_wconf 88' lang='lat'><em>-</em></span> <span class='ocrx_word' id='word_1_334' title='bbox 556 3415 975 3494; x_wconf 67' lang='lat' dir='ltr'>4ainpartunus1s1dorus</span> <span class='ocrx_word' id='word_1_335' title='bbox 996 3419 1150 3503; x_wconf 84' lang='lat' dir='ltr'>explicat:</span> <span class='ocrx_word' id='word_1_336' title='bbox 1176 3422 1304 3504; x_wconf 84' lang='lat' dir='ltr'>inquie-</span> 
     </span>
    </p>

    <p class='ocr_par' dir='ltr' id='par_1_38' title="bbox 232 3499 1303 3587">
     <span class='ocr_line' id='line_1_38' title="bbox 232 3499 1303 3587; baseline 0.009 -28"><span class='ocrx_word' id='word_1_337' title='bbox 232 3519 302 3575; x_wconf 78' lang='lat' dir='ltr'>tus,</span> <span class='ocrx_word' id='word_1_338' title='bbox 332 3500 421 3587; x_wconf 88' lang='lat' dir='ltr'>quod</span> <span class='ocrx_word' id='word_1_339' title='bbox 448 3518 516 3558; x_wconf 89' lang='lat' dir='ltr'>non</span> <span class='ocrx_word' id='word_1_340' title='bbox 537 3499 636 3567; x_wconf 80' lang='lat' dir='ltr'>habet</span> <span class='ocrx_word' id='word_1_341' title='bbox 659 3517 809 3582; x_wconf 84' lang='lat' dir='ltr'>portum,</span> <span class='ocrx_word' id='word_1_342' title='bbox 832 3502 891 3561; x_wconf 84' lang='lat' dir='ltr'>vbi</span> <span class='ocrx_word' id='word_1_343' title='bbox 909 3502 1055 3585; x_wconf 83' lang='lat' dir='ltr'>quiescat</span> <span class='ocrx_word' id='word_1_344' title='bbox 1072 3539 1115 3550; x_wconf 91' lang='lat'>—</span> <span class='ocrx_word' id='word_1_345' title='bbox 1139 3504 1207 3585; x_wconf 84' lang='lat' dir='ltr'>post</span> <span class='ocrx_word' id='word_1_346' title='bbox 1231 3527 1303 3569; x_wconf 84' lang='lat' dir='ltr'>ver·</span> 
     </span>
    </p>

    <p class='ocr_par' dir='ltr' id='par_1_39' title="bbox 162 3582 1301 3668">
     <span class='ocr_line' id='line_1_39' title="bbox 162 3582 1301 3668; baseline 0.004 -20"><span class='ocrx_word' id='word_1_347' title='bbox 162 3593 166 3608; x_wconf 93' lang='grc'><em>’</em></span> <span class='ocrx_word' id='word_1_348' title='bbox 230 3589 300 3651; x_wconf 77' lang='lat' dir='ltr'>sum</span> <span class='ocrx_word' id='word_1_349' title='bbox 318 3609 356 3662; x_wconf 83' lang='lat'>4⁷</span> <span class='ocrx_word' id='word_1_350' title='bbox 378 3582 487 3647; x_wconf 80' lang='lat' dir='ltr'>versui</span> <span class='ocrx_word' id='word_1_351' title='bbox 506 3605 538 3656; x_wconf 79' lang='lat'>53</span> <span class='ocrx_word' id='word_1_352' title='bbox 567 3584 678 3644; x_wconf 90' lang='lat' dir='ltr'><strong>lacum</strong></span> <span class='ocrx_word' id='word_1_353' title='bbox 708 3583 819 3646; x_wconf 85' lang='lat' dir='ltr'>deberi</span> <span class='ocrx_word' id='word_1_354' title='bbox 847 3588 1010 3668; x_wconf 81' lang='lat' dir='ltr'>aptiorem&#39;</span> <span class='ocrx_word' id='word_1_355' title='bbox 1039 3591 1193 3651; x_wconf 83' lang='lat' dir='ltr'>nonnulli</span> <span class='ocrx_word' id='word_1_356' title='bbox 1217 3592 1301 3653; x_wconf 88' lang='lat' dir='ltr'>iudi·</span> 
     </span>
    </p>

    <p class='ocr_par' dir='ltr' id='par_1_40' title="bbox 229 3666 1301 3757">
     <span class='ocr_line' id='line_1_40' title="bbox 229 3666 1301 3757; baseline 0.002 -20"><span class='ocrx_word' id='word_1_357' title='bbox 229 3688 406 3757; x_wconf 74' lang='lat' dir='ltr'>carunt-</span> <span class='ocrx_word' id='word_1_358' title='bbox 430 3691 478 3747; x_wconf 81' lang='lat'>5²·</span> <span class='ocrx_word' id='word_1_359' title='bbox 500 3689 609 3731; x_wconf 84' lang='lat' dir='ltr'><em>amnes</em></span> <span class='ocrx_word' id='word_1_360' title='bbox 632 3680 778 3730; x_wconf 83' lang='lat' dir='ltr'>tenerent</span> <span class='ocrx_word' id='word_1_361' title='bbox 792 3666 992 3733; x_wconf 81' lang='lat' dir='ltr'>abstinerent</span> <span class='ocrx_word' id='word_1_362' title='bbox 1014 3677 1206 3737; x_wconf 80' lang='lat' dir='ltr'>mutuitanti</span> <span class='ocrx_word' id='word_1_363' title='bbox 1222 3699 1301 3739; x_wconf 78' lang='lat' dir='ltr'>ntu-</span> 
     </span>
    </p>

    <p class='ocr_par' dir='ltr' id='par_1_41' title="bbox 227 3756 1301 3838">
     <span class='ocr_line' id='line_1_41' title="bbox 227 3756 1301 3838; baseline 0.003 -17"><span class='ocrx_word' id='word_1_364' title='bbox 227 3763 314 3821; x_wconf 82' lang='lat' dir='ltr'>tuar&#39;i</span> <span class='ocrx_word' id='word_1_365' title='bbox 326 3756 484 3838; x_wconf 83' lang='lat' dir='ltr'>cupienti,</span> <span class='ocrx_word' id='word_1_366' title='bbox 499 3768 653 3815; x_wconf 86' lang='lat' dir='ltr'>mutuum</span> <span class='ocrx_word' id='word_1_367' title='bbox 666 3760 836 3836; x_wconf 82' lang='lat' dir='ltr'>quaerenti</span> <span class='ocrx_word' id='word_1_368' title='bbox 849 3791 892 3804; x_wconf 88' lang='grc'>--</span> <span class='ocrx_word' id='word_1_369' title='bbox 917 3779 965 3831; x_wconf 77' lang='lat'>53.</span> <span class='ocrx_word' id='word_1_370' title='bbox 976 3759 1084 3821; x_wconf 80' lang='lat' dir='ltr'>inlexe</span> <span class='ocrx_word' id='word_1_371' title='bbox 1100 3760 1243 3823; x_wconf 82' lang='lat' dir='ltr'>inlexiffe</span> <span class='ocrx_word' id='word_1_372' title='bbox 1257 3798 1301 3810; x_wconf 91' lang='lat'>-</span> 
     </span>
    </p>

    <p class='ocr_par' dir='ltr' id='par_1_42' title="bbox 230 3836 1298 3936">
     <span class='ocr_line' id='line_1_42' title="bbox 230 3836 1298 3936; baseline 0.004 -33"><span class='ocrx_word' id='word_1_373' title='bbox 230 3854 281 3920; x_wconf 76' lang='lat'>56.</span> <span class='ocrx_word' id='word_1_374' title='bbox 300 3845 459 3904; x_wconf 78' lang='lat' dir='ltr'>rationem</span> <span class='ocrx_word' id='word_1_375' title='bbox 476 3840 561 3901; x_wconf 80' lang='lat' dir='ltr'>vitae</span> <span class='ocrx_word' id='word_1_376' title='bbox 577 3857 668 3898; x_wconf 86' lang='lat' dir='ltr'>meae</span> <span class='ocrx_word' id='word_1_377' title='bbox 683 3836 846 3929; x_wconf 73' lang='lat' dir='ltr'><em>pcfftmam</em></span> <span class='ocrx_word' id='word_1_378' title='bbox 862 3837 922 3933; x_wconf 75' lang='lat' dir='ltr'>effe</span> <span class='ocrx_word' id='word_1_379' title='bbox 933 3879 977 3891; x_wconf 89' lang='lat'>-</span> <span class='ocrx_word' id='word_1_380' title='bbox 1002 3865 1085 3929; x_wconf 72' lang='lat' dir='ltr'>qnae</span> <span class='ocrx_word' id='word_1_381' title='bbox 1098 3839 1189 3936; x_wconf 84' lang='lat' dir='ltr'><em>ipsus</em></span> <span class='ocrx_word' id='word_1_382' title='bbox 1203 3845 1298 3931; x_wconf 81' lang='lat' dir='ltr'>(ipse)</span> 
     </span>
    </p>

    <p class='ocr_par' dir='ltr' id='par_1_43' title="bbox 228 3923 1395 4111">
     <span class='ocr_line' id='line_1_43' title="bbox 229 3923 1299 4019; baseline 0.003 -33"><span class='ocrx_word' id='word_1_383' title='bbox 229 3930 355 4010; x_wconf 80' lang='lat' dir='ltr'>optima</span> <span class='ocrx_word' id='word_1_384' title='bbox 380 3928 506 3987; x_wconf 79' lang='lat' dir='ltr'>tatione</span> <span class='ocrx_word' id='word_1_385' title='bbox 528 3923 699 3986; x_wconf 83' lang='lat' dir='ltr'>inueniffet</span> <span class='ocrx_word' id='word_1_386' title='bbox 713 3959 756 3972; x_wconf 90' lang='lat'><strong>—</strong></span> <span class='ocrx_word' id='word_1_387' title='bbox 783 3935 829 3991; x_wconf 67' lang='grc' dir='ltr'>ς8.</span> <span class='ocrx_word' id='word_1_388' title='bbox 845 3949 904 4011; x_wconf 81' lang='lat' dir='ltr'>pro</span> <span class='ocrx_word' id='word_1_389' title='bbox 926 3931 1031 3990; x_wconf 75' lang='lat' dir='ltr'>deteri</span> <span class='ocrx_word' id='word_1_390' title='bbox 1045 3931 1213 3992; x_wconf 86' lang='lat' dir='ltr'>Gronovio</span> <span class='ocrx_word' id='word_1_391' title='bbox 1233 3936 1299 4019; x_wconf 75' lang='lat' dir='ltr'>pla-</span> 
     </span>
     <span class='ocr_line' id='line_1_44' title="bbox 228 4011 1395 4111; baseline 0.004 -35"><span class='ocrx_word' id='word_1_392' title='bbox 228 4016 322 4078; x_wconf 85' lang='lat' dir='ltr'>cebat</span> <span class='ocrx_word' id='word_1_393' title='bbox 339 4011 452 4084; x_wconf 79' lang='lat' dir='ltr'>didier</span> <span class='ocrx_word' id='word_1_394' title='bbox 477 4036 521 4058; x_wconf 57' lang='grc' dir='ltr'>-ι</span> <span class='ocrx_word' id='word_1_395' title='bbox 555 4030 603 4091; x_wconf 82' lang='lat'>59.</span> <span class='ocrx_word' id='word_1_396' title='bbox 630 4022 728 4093; x_wconf 69' lang='lat' dir='ltr'><em>patet</em></span> <span class='ocrx_word' id='word_1_397' title='bbox 749 4013 856 4096; x_wconf 84' lang='lat' dir='ltr'>pergit</span> <span class='ocrx_word' id='word_1_398' title='bbox 886 4011 995 4076; x_wconf 83' lang='lat' dir='ltr'>filium</span> <span class='ocrx_word' id='word_1_399' title='bbox 1027 4011 1222 4100; x_wconf 81' lang='lat' dir='ltr'>obiurgare:</span> <span class='ocrx_word' id='word_1_400' title='bbox 1253 4011 1298 4111; x_wconf 86' lang='lat' dir='ltr'>se</span> <span class='ocrx_word' id='word_1_401' title='bbox 1389 4047 1395 4058; x_wconf 91' lang='lat'><strong>·</strong></span> 
     </span>
    </p>
   </div>
   <div class='ocr_carea' id='block_1_3' title="bbox 0 0 1414 4675">
    <p class='ocr_par' dir='ltr' id='par_1_44' title="bbox 0 0 1414 4675">
     <span class='ocr_line' id='line_1_45' title="bbox 0 0 1414 4675; baseline 0 7"><span class='ocrx_word' id='word_1_402' title='bbox 0 0 1414 4675; x_wconf 95' lang='lat' dir='ltr'> </span> 
     </span>
    </p>
   </div>
  </div>
 </body>
</html>
