2817 4675
112 319 126 338 x
243 277 343 366 126.
552 291 559 298 ·
659 285 888 350 minoret
1006 337 1014 366 ‚
1095 279 1098 284 ’

47 487 49 496 ’
99 516 103 526 ,
133 511 136 524 .
190 463 192 476 ¹
237 466 343 531 tuntt«
359 452 480 531 douae,
504 456 809 541 Epidicotacente,
838 454 1197 542 Apoecidet.perrexitr
1227 475 1308 522 cort·

237 549 328 607 tinne
359 559 399 608 vt
419 547 564 608 naritus
584 541 655 631 fiat
686 540 771 605 filiun
796 557 872 604 tuus
902 543 1134 626 Stratippocles
1158 578 1201 591 -
1226 546 1311 618 Ho‘e

238 631 406 694 confilium
430 626 804 712 Periphane'laudante‚
836 628 954 709 Apoec.
976 651 1008 688 v.
1020 629 1049 701 7}
1072 626 1200 690 caulam
1230 648 1307 713 pro·

235 716 371 801 perandi
388 714 491 778 adfert
504 729 548 760 -“-
562 713 695 772 haerere
717 714 750 772 in
765 731 983 795 aratorem,pro
998 715 1032 772 in
1054 731 1161 790 amore
1180 748 1226 761 —
1255 739 1300 776 to.

154 843 158 854 ι
233 802 404 884 palliolum
436 804 468 864 in
496 796 614 859 collum
642 796 764 858 coniice
786 817 858 1025 Vm
888 801 1026 866 celerius
1063 818 1181 861 currat.
1247 800 1309 864 Sie-

236 886 328 970 Capt.
341 909 371 961 4.
389 907 415 947 t.
433 905 479 946 tt.
501 892 543 944 vt
559 884 673 944 comici
682 875 778 970 serui
811 882 909 953 olent,
933 885 1103 944 coniiciam
1123 887 1156 943 in
1180 883 1304 948 collum

232 973 372 1054 pallium
393 1003 436 1017 -
461 989 508 1029 ιι.
529 969 625 1049 Epid.
649 969 743 1028 venit
767 970 933 1028 camitans
954 969 1002 1028 dii
1024 969 1214 1030 iumenta-les
1234 969 1302 1033 etc.

233 1059 288 1118 stc
306 1054 392 1138 apud
414 1055 490 1116 Ter.
507 1051 605 1114 Andr.
621 1073 650 1126 4.
668 1072 695 1126 5.
714 1074 740 1125 ς.
766 1053 896 1114 Dauus:
920 1052 1059 1113 vostram
1077 1050 1192 1131 iidem!
1216 1055 1304 1138 quid

231 1141 345 1204 turbae
367 1137 408 1204 est
431 1138 517 1221 apud
539 1137 648 1199 forum
665 1152 726 1198 eto.
749 1169 792 1182 -
819 1158 864 1209 ¹4·
887 1140 1063 1199 medicinae
1089 1139 1301 1212 Medicorum

231 1226 534 1312 (bairurgorumqtte
566 1218 717 1286 officinae
753 1236 809 1291 aut
841 1225 1001 1305 pergulae.
1036 1223 1154 1306 Amph.
1172 1246 1200 1298 4,
1221 1248 1246 1286 r.
1269 1245 1300 1298 ς.

165 1359 168 1380 ,
229 1309 338 1373 Plauti
366 1324 469 1372 aetate
501 1310 637 1393 ingenui
666 1309 790 1368 Romae
822 1323 923 1376 artem
952 1308 1114 1388 medicam
1146 1309 1297 1372 nondum

229 1397 393 1465 colebant,
414 1415 511 1479 quam
529 1394 689 1479 putabant
706 1393 910 1454 inliberalem
926 1427 970 1439 —
994 1415 1042 1456 ιι.
1064 1396 1215 1474 recipiam
1235 1417 1295 1457 arr·

227 1482 362 1544 halitum
382 1483 524 1542 animam
540 1514 584 1526 -
606 1479 776 1540 clementer
795 1472 953 1569 requiesce
970 1479 1118 1540 animum
1132 1481 1240 1564 recipe
1251 1514 1299 1531 -·

228 1588 282 1645 29·
297 1579 451 1651 qnentnm
467 1565 673 1626 meretricum
692 1597 738 1632 -,
759 1584 808 1635 3¹·
822 1567 878 1645 qni
895 1563 1118 1647 quomodo—-
1138 1588 1186 1638 3²·
1209 1567 1294 1627 ‘retia
1354 1612 1357 1618 .

227 1653 348 1738 quibua
377 1651 593 1712 animaduerti
614 1660 773 1707 amatores
802 1650 951 1718 inretitos
975 1651 1143 1712 teneri-
1166 1658 1215 1723 38.
1229 1643 1295 1752 [etl

75 1737 78 1746 ¹
113 1775 118 1784 x
157 1725 161 1730 ’
224 1736 345 1827 vfiita
370 1735 515 1817 quidde
539 1733 657 1795 vestitu
680 1732 749 1800 eius
776 1731 968 1795 dicam‘l-
987 1748 1108 1796 aurata
1129 1755 1199 1797 non
1228 1741 1304 1799 tme'

150 1823 158 1832 ’
225 1825 331 1887 multo
349 1841 444 1891 auro,
467 1833 500 1880 et
520 1821 630 1880 anime
655 1829 775 1881 ornata
791 1853 835 1865 -
855 1831 895 1879 vt
912 1819 1021 1880 verbis
1041 1819 1218 1905 depingere
1237 1844 1297 1884 ne.

225 1928 329 1993 queo,
353 1924 449 1990 quam
474 1905 583 1984 lepide
611 1904 773 1987 eleganter
797 1935 841 1950 -·
865 1907 1018 1965 concinne
1044 1905 1082 1965 ad
1108 1908 1296 1991 augendam

223 1991 428 2054 venustatem*
444 1989 692 2052 adcommodate
705 2022 749 2035 -
768 2007 852 2049 raone
868 2010 960 2050 more
980 1990 1176 2074 elegantium
1198 1992 1295 2053 femi·

161 2113 168 2136 1
193 2083 341 2138 'narum
366 2073 650 2148 receutissim0,-
675 2094 725 2148 ³9·
745 2073 864 2153 regilla
891 2075 1044 2140 indncnle
1074 2075 1189 2146 vestie,
1224 2098 1292 2162 qua

222 2166 278 2225 vel
292 2164 402 2247 regina
424 2177 571 2224 ornatam
583 2157 624 2222 *le
645 2173 784 2242 putaret,
807 2160 989 2221 mendicnla
1008 2159 1102 2221 vestis
1124 2164 1292 2245 eleganter

88 2297 98 2322 „
134 2285 148 2322 ,ι
209 2235 413 2331 ,umplex-
445 2269 494 2320 40.
516 2247 702 2327 inplaniata
720 2243 837 2316 forsan,
862 2264 926 2328 qua
947 2245 1132 2327 tempestate
1155 2262 1292 2324 rtantur

220 2337 345 2421 pluuia.
395 2332 524 2395 Nonius
546 2348 579 2393 et
600 2321 706 2392 Festus
725 2331 883 2392 nonnulla
908 2329 1060 2392 dixerunt
1085 2332 1127 2393 de
1151 2331 1293 2396 vellium

161 2486 165 2497 ,
220 2420 351 2483 illarum
371 2418 561 2489 diuersrtate,
583 2427 617 2477 et
634 2412 831 2495 recentiores
848 2418 952 2478 multa
974 2436 991 2477 e
1010 2418 1194 2491 rationibus
1212 2439 1292 2484 con·

219 2507 382 2571 iectauere
407 2502 661 2586 etymologiole„
682 2499 737 2560 led
758 2501 880 2563 ineerta
900 2522 937 2563 ea
962 2505 1072 2563 omnia
1094 2502 1179 2567 lunt,
1230 2506 1290 2568 Va·

142 2596 144 2601 ’
191 2598 194 2607 “
219 2592 308 2671 rium
338 2602 371 2648 et
395 2587 551 2648 mutabile
581 2584 707 2668 semper
729 2583 870 2657 femina,
907 2586 962 2648 led
990 2588 1078 2659 nulla
1111 2603 1220 2666 tarnen
1251 2594 1289 2652 in

218 2694 253 2739 re
275 2674 395 2758 magis,
422 2693 519 2759 quam
542 2675 577 2731 ln
599 2686 713 2732 ornatu
733 2669 789 2733 luo
810 2707 849 2718 —
883 2695 934 2746 4¹·
958 2674 1137 2754 inplnniutn
1157 2677 1289 2750 induta,

217 2762 313 2820 iocus
332 2756 486 2842 quidem,
506 2756 583 2826 ted,
603 2768 640 2816 vt
663 2776 702 2818 ex
726 2756 838 2820 addito
856 2760 986 2827 vtinam
1004 2773 1109 2842 patet,
1134 2779 1212 2821 eum
1233 2781 1289 2822 ex,

139 2870 145 2883 r
215 2840 396 2908 sectatione
411 2845 616 2906 coniunctus.
637 2840 770 2918 Molle.
789 2864 812 2903 t.
827 2864 872 2916 ις.
895 2842 958 2904 ella
976 2844 1094 2909 malum
1113 2865 1215 2927 quum
1237 2850 1288 2909 in-

215 2931 305 3012 pluit
331 2944 474 3000 eeterot,
504 2946 574 2990 non
600 2927 727 3010 inpluat
759 2928 853 2989 mihi.
903 2928 977 2989 Hoc
1003 2930 1102 3013 igitur
1126 2932 1286 3015 Epidico·

214 3017 289 3078 loco
316 3017 354 3075 in
383 3014 493 3077 animo
519 3012 662 3075 hebuill'e
689 3009 837 3077 videtur:
859 3015 1000 3074 'vtinam
1024 3013 1145 3078 inclusa
1176 3037 1212 3077 ea
1237 3034 1285 3078 te·

214 3113 340 3169 nentur,
360 3102 415 3165 vbi
437 3101 576 3184 plurima
596 3098 630 3159 in
652 3116 722 3161 enm
748 3099 831 3159 mala
852 3096 1003 3177 inpluattt
1016 3135 1060 3147 -
1089 3120 1140 3175 4²·
1153 3093 1283 3188 fundis

216 3198 414 3258 exornatae,
443 3188 488 3246 ita
515 3197 660 3253 ornatae,
690 3198 727 3244 vt
746 3184 942 3245 amatoribus
970 3202 1081 3245 earnm
1098 3177 1200 3271 fundi
1224 3188 1282 3249 ob·

239 3268 406 3354 ignerandi
432 3270 492 3330 sint
510 3267 729 3332 vendendiue.
774 3268 829 3328 Sic
844 3268 930 3350 apud
948 3269 1022 3330 Ter.
1038 3261 1123 3332 Eun.
1144 3293 1168 3333 r.
1188 3293 1212 3332 r.
1230 3293 1281 3348 34.

212 3293 435 3439 §armeno-de
458 3354 602 3415 Thaide:
627 3352 789 3437 egreditur
808 3353 907 3414 nostri
925 3352 1020 3416 fundi
1041 3353 1222 3419 calamitas!
1236 3393 1282 3406 -

132 3462 136 3469 ¹
212 3462 265 3517 43.
288 3443 469 3521 imperatus
491 3439 536 3527 ψ’
557 3436 622 3498 illis
650 3439 847 3501 amatoribus
872 3472 915 3485 -·
943 3461 995 3514 4⁴·
1015 3440 1101 3513 illis,
1134 3446 1282 3504 meretri-

213 3526 306 3587 cibus
327 3558 372 3572 -
397 3542 434 3598 45
454 3523 495 3582 atl
513 3544 561 3595 5¹·
593 3519 634 3584 ef.
655 3524 727 3587 Aul.
750 3524 820 3582 Act.
834 3544 860 3595 3·
891 3521 934 3584 lc.
950 3546 976 3598 ς.
1001 3559 1045 3572 -
1071 3527 1121 3601 46.
1145 3530 1280 3589 tunicae

212 3611 331 3682 milae,
355 3610 488 3677 rotulae,
511 3630 528 3670 a
548 3608 676 3668 raritate
698 3621 855 3681 texturae;
883 3610 1059 3692 obponitur
1072 3605 1182 3703 spiffit
1199 3613 1279 3675 den.

212 3694 272 3756 ster
295 3729 338 3743 -
367 3695 534 3756 linteolum
561 3687 724 3778 cnefiet‘um
752 3692 880 3754 Nonius
907 3697 1064 3778 explicat:
1091 3718 1217 3778 ⁴purum
1245 3714 1282 3761 et

211 3780 389 3841 candidum
410 3814 454 3827 -
479 3798 531 3855 47.
550 3765 745 3866 ineiustatclm
767 3778 863 3841 Varro
889 3780 929 3840 ab
957 3781 1046 3841 intus
1074 3779 1215 3853 deriuat,
1244 3797 1280 3846 et

209 3860 351 3946 'obponit
369 3866 489 3948 pallae,
512 3883 575 3946 qua
595 3866 768 3945 vtebatttur
790 3861 881 3925 foris.
931 3865 1027 3948 Apud
1048 3864 1224 3947 Apuleium
1243 3882 1280 3931 et

208 3951 301 4038 pueri
316 3947 599 4034 adolescentesque
609 3949 789 4010 obcurruut
796 3950 910 4028 pulcre
923 3946 1090 4038 industnti,
1104 3955 1278 4034 quinariis

209 4033 374 4097 coloribus
392 4028 551 4123 indzfiatt'
569 4033 731 4119 prodeunt
743 4065 787 4098 ε·-
802 4035 984 4116 paragiara
1005 4034 1118 4111 vestie,
1139 4057 1157 4098 a
1175 4051 1274 4118 pata·
