2817 4675
396 219 400 240 t

450 249 457 280 l

519 293 524 304 ⁴
602 295 647 347 m
681 268 1024 366 ἰιιιιιιιιιοιιιι4
1063 263 1141 356 ”’.,
1210 345 1213 352 .

266 453 397 538 ιὶειιιιιίηι
410 451 489 541 pro:
520 452 763 541 ‘tum*demum,
783 457 821 517 vt
834 450 962 537 saepius
980 465 1024 504 -'-
1048 469 1096 532 17.
1114 447 1238 530 dudum
1250 451 1339 526 Prol.

188 609 191 618 ‚
237 607 240 612 ,
265 561 370 619 ωσι
380 540 446 630 sqq.
472 541 562 624 quod
578 540 652 600 dixi
674 541 779 601 minus
802 540 891 623 quod
911 559 980 602 uon
1007 540 1122 614 adieci,
1150 562 1241 606 nunc
1265 546 1340 609 sub-

176 631 179 640 ’
265 629 374 715 plebo,
397 619 542 708 gemittds
557 648 623 686 eam
642 627 741 686 hodie
757 620 819 715 effe
835 624 1021 707 parturum.
1061 628 1188 710 ,Quiuis
1203 632 1341 716 quidem

264 714 394 796 histrio,
417 732 499 794 quae
521 711 633 772 secum
654 711 816 794 loquitur,
845 707 1079 793 spectatoribus
1101 714 1197 787 dicit,
1225 719 1341 780 minus

264 816 376 861 autern
393 813 481 860 recte
504 797 696 881 spectatores
714 798 800 857 inter·
815 796 979 880 agendum
994 797 1188 884 compellare
1206 802 1340 865 videtur
1368 875 1370 882 y

193 935 200 946 .
258 884 363 972 ipsos,
384 884 513 945 vt'hic:
530 883 669 943 dudum
683 883 871 966 puod'dixi
886 886 1002 946 minus.
1024 889 1080 946 cui
1102 886 1206 948 vero?
1240 890 1339 951 vobis

264 967 501 1055 spectatoribus
521 987 643 1044 -119.
666 989 714 1027 zo.
738 967 847 1028 Plauti
870 971 1075 1053 temporibus
1093 971 1293 1054 ignoscatur,
1316 975 1340 1034 fi

168 1071 171 1086 ·
240 1056 385 1128 ,mulier
407 1049 596 1138 superfetari
618 1049 705 1136 polse'
722 1053 921 1125 crederetur,
942 1054 976 1115 id
1001 1075 1080 1117 vero
1100 1059 1340 1122 recentioribus

265 1141 374 1208 adhue
394 1131 629 1222 interpretibus
655 1137 800 1208 defendi,
827 1140 948 1201 mirum
968 1139 1011 1201 est
1028 1177 1070 1187 —
1096 1136 1340 1233 zuseminatus

264 1238 446 1310 conceptus
463 1226 498 1285 in
517 1237 609 1283 vtero
623 1258 665 1269 --
688 1243 737 1285 τι.
753 1225 871 1285 minori
885 1222 985 1289 serius
998 1243 1170 1310 concepto,
1192 1228 1340 1314 Herculi,

250 1316 341 1374 'mai
364 1323 438 1393 poe.
461 1311 586 1391 Iupiter
602 1342 645 1364 -,-
670 1328 720 1382 ²3·
736 1311 853 1370 maiori
874 1313 963 1393 prius
987 1321 1164 1396 concepto,
1199 1315 1338 1397 Iphiclo,

215 1426 221 1434 ‘
263 1402 341 1463 mira.
362 1408 433 1478 pat.
455 1395 651 1478 Amphitruo
670 1427 714 1438 --
740 1414 796 1466 ις.
809 1417 877 1456 vno
893 1409 934 1457 vt
942 1389 1025 1485 fetri
1048 1395 1224 1481 explicatur
1240 1401 1273 1459 ν’.
1289 1398 1335 1485 sq.

263 1497 302 1546 vt
322 1483 472 1568 geminos
493 1489 560 1541 vn'o
585 1491 681 1561 partu
702 1478 875 1538 ederet-
907 1485 955 1544 za.
977 1482 1083 1545 claud.
1101 1498 1138 1544 vt
1157 1485 1215 1552 cel.
1226 1477 1338 1575 suspi.

264 1571 329 1641 cio,
350 1586 408 1651 pro
425 1585 487 1649 qus
504 1581 586 1627 voce
594 1562 769 1644 Scioppius
786 1564 851 1647 legi
865 1567 940 1626 vult
958 1569 1021 1628 huc
1035 1570 1108 1640 itio,
1131 1582 1178 1628 vt·
1190 1570 1225 1628 in
1243 1568 1335 1631 Most.
1379 1573 1382 1582 ¹

265 1651 310 1718 est
327 1655 390 1715 strae
407 1653 541 1721 reditio,
554 1647 640 1711 und.
650 1649 733 1718 ,hinc
746 1647 862 1721 ahmiu,
884 1651 976 1712 Triu.
988 1655 1057 1722 buc,
1067 1649 1217 1743 adceffi‘o,
1230 1647 1334 1716 'Truci

177 1725 179 1736 ¹
264 1739 481 1822 sturwuentio.
537 1734 717 1794 Lambinus
749 1752 828 1796 vero
861 1739 990 1798 mauult
1015 1732 1208 1832 susceptio,
1244 1737 1339 1801 sensu

246 1825 412 1909 ‘pptimot
444 1844 512 1884 eam
537 1819 621 1880 elam
645 1818 687 1878 de
713 1811 995 1912 love'suscepiffe
1017 1856 1060 1870 -
1092 1843 1163 1899 313·
1182 1824 1337 1887 delictum

264 1923 333 1970 erat
352 1908 451 1976 lovis,
484 1921 517 1967 et
543 1923 613 1965 uon
636 1922 693 1986 par
722 1904 866 1975 videtur,
899 1907 993 1967 deum
1010 1901 1148 1995 facere,
1177 1922 1218 1969 vt
1253 1923 1365 1983 tnat‚‘

264 1994 365 2056 deum
381 1994 461 2077 pati,
484 1990 546 2053 del.
584 2013 614 2050 u.
639 1991 726 2068 culp.
736 1983 792 2081 su.
813 2003 966 2071 expetere
986 1996 1020 2053 in
1042 1994 1215 2055 mortalem
1234 1997 1338 2057 tribui

155 2081 161 2098 ⁸
263 2080 459 2142 mortali-
486 2096 535 2151 35.
571 2075 738 2137 additions
760 2075 899 2158 Iupiter,
930 2079 989 2163 qui
1009 2077 1094 2140 Ptol.
1113 2099 1181 2139 121.
1204 2081 1240 2141 in
1264 2082 1339 2142 Am·

159 2197 163 2204 ,
262 2164 453 2316 ἒὴὶῖωοηίε
484 2174 589 2223 vertlt'
614 2157 680 2223 sese
710 2161 890 2245 imaginem
914 2196 959 2210 —
991 2165 1043 2238 36.
1066 2186 1128 2225 vu.
1151 2158 1241 2254 usur.
1268 2167 1335 2229 vid.

229 2313 231 2316 ,
289 2256 442 2313 ro.108.
913 2273 917 2282 ’
1093 2257 1099 2271 ’

474 2415 528 2478 IN
560 2418 721 2483 ACTVS
749 2420 774 2480 Ι.
819 2417 1027 2484 SCENAM
1056 2422 1150 2483 ΙΙΙ.ι

331 2525 358 2566 ι.
375 2524 444 2566 rem
460 2524 650 2563 communem
673 2502 881 2566 domesticam
892 2540 936 2554 -
963 2528 989 2568 ι.
1005 2509 1136 2588 inperce
1148 2507 1335 2590 parce'tibi,

170 2614 177 2631 ι
265 2589 307 2652 sd
324 2588 520 2674 pariendum
539 2590 679 2671 vicinae.
702 2587 773 2650 Cas.
788 2610 818 2664 4.
834 2611 864 2666 4.
887 2612 933 2653 ιι.
959 2595 1177 2672 inpereito-
1201 2615 1229 2666 3.
1248 2595 1337 2678 quod
1395 2608 1398 2621 ¹

260 2679 328 2755 'erit
343 2689 469 2745 natum,
483 2672 656 2759 quidquid,
678 2693 817 2755 puerum
830 2676 1017 2757 puellamne
1032 2679 1204 2762 pepereris,
1224 2678 1337 2740 tollim

265 2761 365 2821 iubeo
381 2761 465 2829 tolli,
486 2759 602 2820 viuum
616 2757 735 2820 seruari
752 2759 965 2846 educarique3
988 2782 1069 2847 quos
1089 2767 1179 2825 euim
1193 2763 1336 2825 infantes

264 2859 358 2930 pater
395 2843 545 2909 vetuisset
576 2840 667 2914 tolli,
706 2847 896 2908 interemtos
926 2852 1072 2933 oportuit
1103 2853 1198 2932 (quos
1226 2862 1336 2911 tamen

264 2945 386 2993 matres
410 2920 692 2999 interdum,·clsm
708 2932 865 3013 patribus,
887 2924 1074 2995 educandos
1092 2937 1257 3006 curabant,
1279 2950 1336 2997 aut

266 3014 478 3099 exponendos
495 3020 595 3094 certe)
611 3050 652 3059 —
677 3037 702 3087 ς.
720 3016 812 3075 haud
828 3019 919 3100 qzted
934 3035 995 3082 etc.
1016 3019 1137 3102 volupe
1152 3020 1237 3080 mihi
1250 3019 1336 3093 esset,

248 3134 251 3141 ⁴
265 3114 388 3170 tecum,
411 3100 566 3182 domique
581 3118 675 3163 meae
690 3103 822 3171 morari,
841 3099 952 3164 sed-
972 3111 1000 3164 Β.
1034 3106 1118 3167 citus
1122 3098 1336 3195 sycophanta

264 3184 395 3247 versute
413 3205 450 3247 ac
469 3183 603 3247 subdole
628 3182 688 3245 scit
710 3183 836 3255 fallere,
859 3190 916 3270 qui
937 3192 995 3272 qui
1019 3211 1064 3249 em
1083 3207 1144 3252 etc.
1171 3191 1261 3274 quod
1281 3209 1338 3251 ne·

267 3291 342 3356 gare
357 3289 497 3353 nequeo,
522 3271 599 3333 licet
617 3282 709 3354 pater
723 3290 817 3334 meus
832 3272 868 3335 fit
885 3304 928 3319 —-
949 3294 979 3350 9.
996 3267 1203 3366 obseruatote
1217 3274 1335 3359 specta·

264 3373 363 3420 tores.
384 3355 452 3416 vid.
476 3352 519 3421 sc.
533 3377 559 3417 ι.
582 3377 675 3419 v.17.
695 3356 739 3400 -“-
766 3357 903 3436 palpori
921 3350 1071 3440 propiiez
1092 3358 1199 3421 ¹manu
1220 3361 1337 3426 leniter
1402 3364 1403 3449 J

264 3436 500 3527 permulcere,‘
514 3439 547 3500 h.
567 3439 588 3501 l.
611 3438 740 3513 blandis
769 3440 865 3503 dictis
892 3440 1069 3515 fallere-
1108 3467 1156 3505 ιο.
1178 3444 1337 3527 aspernatio

263 3527 386 3589 mulier
404 3526 495 3603 dicit,
521 3524 552 3585 se
567 3548 604 3587 re
615 3528 790 3607 repentino
803 3528 878 3588 eius
898 3529 1035 3594 discessu
1051 3531 1202 3611 experiri,
1219 3534 1336 3614 qrtants

266 3632 365 3699 quam
387 3613 483 3696 parui
505 3644 548 3673 r·-
582 3632 630 3670 ιτ.
654 3631 701 3683 13·
724 3612 786 3672 illa
808 3614 971 3699 plerisque
998 3614 1132 3677 videtur
1157 3615 1218 3676 elle
1238 3616 1334 3679 Alcu-

201 3708 206 3721 “
265 3721 369 3759 meisa.
407 3696 476 3778 Qui
495 3714 574 3756 vero
590 3709 672 3761 tunc
691 3695 799 3758 sensus
818 3698 884 3759 loci
902 3700 950 3770 sit,
965 3704 1022 3762 vix
1039 3721 1075 3761 re
1099 3703 1179 3773 erio,
1195 3702 1273 3763 licet
1294 3701 1340 3762 ad

263 3781 398 3843 Meursri
430 3779 620 3865 confugiam
647 3782 885 3854 coniecturam,
919 3800 953 3846 et
980 3804 1040 3868 pro
1058 3723 1177 3875 faxim
1200 3788 1335 3872 legerim

261 3870 394 3950 parim,
412 3868 602 3951 pepigerint,
622 3869 740 3951 quouis
765 3870 901 3952 pignere
928 3871 1003 3932 dato
1025 3874 1228 3934 certauerim.
1275 3871 1336 3933 dd·

264 3951 346 4015 cedo
375 3971 454 4013 vero
481 3953 530 4013 ad
544 3971 616 4022 eos,
651 3954 771 4035 quibus
801 3955 862 4015 illa
884 3956 1097 4038 intelligenda
1124 3956 1184 4018 else
1204 3955 1336 4021 ridetur

265 4042 358 4111 Iutta,
384 4052 418 4099 et
438 4035 510 4129 istis
530 4028 639 4124 factis
664 4036 725 4101 est:
757 4034 921 4105 amoribus
946 4038 1090 4115 furtiuis,
1112 4042 1205 4117 adeo,
1226 4055 1264 4105 vt
1281 4044 1336 4106 Al·
