2817 4675
220 308 269 390 2⁶
559 324 605 388 nt
637 327 945 388 anrutrrtontt

286 515 316 568 ς.
332 498 368 555 in
376 489 457 588 sup.
474 517 563 557 coen.
583 496 781 575 ambiguitas
795 514 954 578 perquam
973 493 1123 557 ridicule.
1167 495 1312 578 tupiter,

220 598 321 642 vemt
346 582 383 640 ln
411 580 538 643 summo
566 582 735 643 habitabat
762 581 924 665 Olymp03
960 580 1072 641 histrio
1099 598 1198 651 vero,
1232 584 1299 665 qui

220 667 311 728 loric
328 667 365 725 in
383 666 475 728 scena
496 664 676 728 smtinebat
690 662 881 749 personam,
912 667 965 726 seu
986 667 1109 749 Iupiter
1131 666 1294 738 scenicus,

221 747 364 833 deposita
380 752 444 814 hac
467 749 624 836 persona,
651 751 688 810 in
716 752 824 811 alieno
847 771 915 811 nou
941 750 1047 812 solum
1068 752 1208 823 habitat,
1237 750 1298 813 sed
1364 785 1367 788 ·

211 828 293 926 sup.
308 859 397 900 eom.
416 841 438 897 i.
451 857 481 902 e.
504 840 541 896 in
555 831 703 921 suprema
720 840 966 920 contignatione
981 836 1121 904 aedium,
1143 836 1185 897 ad
1202 853 1298 920 tegu-

217 923 279 992 lae,
299 942 367 1006 quo
382 941 450 983 non
468 924 528 983 nili
544 924 735 1006 pauperculi
748 943 817 982 non
832 937 984 1006 poterant
1003 943 1072 983 non
1088 923 1253 1006 adreptare
1263 958 1298 971 -

161 1025 166 1032 ’
220 1026 252 1086 5.
276 1028 375 1089 quum
396 1009 563 1086 extemplo
590 1024 627 1071 vt
643 1009 808 1092 primum;
831 1007 937 1070 forsan
961 1021 994 1069 et
1013 1009 1156 1091 intelligi
1181 1010 1256 1069 vult
1275 1032 1297 1068 e

219 1112 292 1154 aneo
316 1093 401 1156 coeli
418 1094 542 1173 templo
556 1129 586 1142 -
603 1101 634 1155 8.
656 1096 846 1160 inchoatam
863 1095 1017 1164 demunt,
1035 1093 1186 1155 nondum
1205 1091 1298 1153 abso·

218 1179 324 1238 lutam
342 1181 529 1259 transigam
548 1179 742 1262 relinquam,
763 1177 877 1240 finiam
891 1215 919 1229 -
945 1202 991 1239 ιι.
1014 1191 1155 1258 expetat
1175 1179 1298 1242 tribua-

219 1274 292 1333 tur,
317 1265 403 1326 vitio
422 1278 569 1332 vertatur
587 1264 788 1328 Alcumenae
802 1300 830 1312 -
855 1285 902 1338 ις.
914 1257 1079 1355 frustrat.
1096 1285 1187 1326 mox.
1212 1284 1297 1327 erro·

220 1365 292 1412 tem
310 1347 583 1434 inpeditiffimum
596 1369 698 1431 --19.
719 1365 753 1413 et
774 1374 817 1412 ex
837 1370 902 1412 me.
918 1383 948 1399 ·-

422 1513 479 1578 IN
513 1513 676 1575 Achs
700 1516 766 1577 111.
810 1515 1088 1577 scettettlt

291 1616 320 1658 ι.
342 1597 483 1660 durare:
514 1618 588 1660 mea
608 1600 661 1660 hit
683 1598 720 1658 in
742 1599 876 1662 aedibus
899 1602 1047 1663 conditio
1071 1600 1115 1662 ett
1134 1597 1292 1671 miserint,
1337 1667 1343 1670 Α

220 1696 334 1830 gnato
344 1704 428 1767 quae
446 1680 543 1769 poffit
564 1685 705 1746 tolerari.
748 1686 804 1745 sic
824 1685 911 1769 apud
931 1687 1007 1747 Ter.
1028 1687 1167 1769 Adelph.
1181 1707 1238 1760 Μ
1268 1707 1294 1746 t.
1338 1719 1353 1742 s

246 1788 342 1846 ymo:
372 1789 443 1831 non
467 1772 579 1832 hercle
599 1772 657 1831 hic
682 1770 819 1853 quidem
840 1775 964 1832 durare
984 1775 1179 1856 quisquam,
1210 1771 1324 1833 fific‘

212 1853 271 1938 lit,
318 1853 438 1916 otest·-
456 1856 573 1936 prohn'
591 1854 743 1917 adulterii
762 1890 791 1902 -
815 1880 842 1916 ι.
862 1856 931 1939 post
948 1858 1064 1936 probri
1084 1876 1160 1940 prae
1182 1856 1298 1920 dolore

223 1877 403 2025 paullisper
418 1954 520 2012 tacet,
549 1961 616 2023 quo
637 1937 842 2004 adcrescente
866 1942 957 2006 addit
967 1940 1102 2030 finpn',
1129 1942 1221 2001 addit
1241 1944 1298 2003 do
1358 1947 1360 1950 ’

224 2027 397 2089 decoris-
415 2028 467 2087 ita
486 2048 536 2086 me
548 2037 703 2106 argutam
718 2022 796 2117 effi:
818 2048 916 2110 quam
931 2029 1100 2112 indignam
1116 2027 1169 2099 est,
1190 2024 1297 2089 istius·

223 2107 319 2173 modi
335 2113 506 2172 criminaa
524 2132 601 2176 meo
615 2116 651 2172 in
666 2132 723 2172 me
743 2116 869 2174 oonlata
892 2114 952 2173 elie
972 2112 1107 2176 marito!
1128 2148 1158 2161 -
1169 2105 1298 2203 susque

222 2199 328 2280 deque
348 2193 557 2281 (sursumque
575 2196 806 2281 deorsumque)
828 2199 951 2283 aliquid
969 2200 1090 2259 habere
1107 2196 1165 2258 seu
1179 2196 1296 2269 facere,

223 2281 284 2345 eo:
305 2283 487 2369 negligere,
510 2303 579 2346 uon
600 2288 712 2367 magni
732 2283 919 2368 pendere-
938 2286 976 2345 id
996 2284 1085 2368 quod
1104 2305 1159 2346 me
1181 2285 1299 2367 probri

223 2370 331 2454 arguit
353 2402 384 2417 -
417 2377 449 2431 8.
471 2371 543 2430 iure
572 2368 711 2433 iurando
746 2368 933 2438 confirmet,
974 2369 1008 2431 le
1039 2369 1211 2451 indignam
1241 2391 1298 2432 me

222 2451 391 2539 cognoffe,
426 2456 463 2515 iu
485 2472 586 2537 quam
607 2453 791 2515 istiusmodi
810 2456 886 2516 eiiet
908 2456 1030 2515 iniuria
1051 2455 1169 2530 inlata;
1227 2455 1298 2518 uod

223 2544 284 2627 q'ui
303 2556 375 2599 non
395 2537 583 2622 postularat,
604 2558 674 2599 non
692 2537 791 2600 au'sue
813 2541 988 2624 putabatur
1007 2539 1184 2624 postulare,
1205 2477 1296 2604 suae·

224 2646 296 2710 qne
311 2621 380 2708 ipse
403 2621 515 2686 causae
538 2620 685 2685 diffidere
699 2660 729 2677 «-
753 2645 799 2686 ιι.
823 2627 1145 2697 emeruerunt,
1168 2628 1296 2707 opinor,

224 2713 285 2794 qui
311 2710 476 2792 explicant
505 2733 554 2775 me
576 2715 690 2771 Iovem
718 2711 789 2771 eius
818 2729 929 2789 amore
957 2713 1107 2773 nondum
1135 2709 1296 2785 satiatum,

223 2794 281 2858 ied
303 2794 452 2878 intelligo
473 2818 523 2856 me
542 2794 646 2878 quem'
665 2796 941 2876 Amphitruonem
960 2811 1064 2880 putat,
1090 2813 1128 2857 vt
1142 2798 1190 2858 ira
1212 2801 1296 2871 eine,

224 2904 244 2945 a
263 2882 382 2942 marito
412 2881 602 2951 concitata,
628 2878 826 2943 deseruescat
849 2918 878 2929 -
906 2900 950 2951 1¹4·
973 2883 1145 2966 negotium
1173 2877 1298 2975 insonti

224 2969 423 3034 Alcumenae
444 2968 594 3028 exhibuit
613 2986 724 3035 amor,
754 2987 819 3047 quo
841 2968 1076 3048 Amphitruoni
1101 2965 1210 3039 obfui,
1238 2973 1295 3042 ita,

225 3067 265 3114 nt
284 3053 369 3113 male
390 3048 463 3113 eam
483 3052 659 3136 adciperet.
711 3053 816 3123 Mitt,
850 3053 941 3122 lovi,
977 3055 1029 3113 ira
1048 3054 1298 3137 Amphitruonis

226 3142 262 3200 in
282 3137 498 3199 Alcumenam
522 3151 556 3199 et
577 3137 757 3201 maledicta
780 3150 936 3214 expetent
956 3130 1076 3228 insonti
1098 3141 1146 3215 (in
1168 3159 1222 3200 me
1246 3144 1297 3201 in·

224 3216 368 3301 iontem)
389 3241 458 3285 non
485 3224 577 3284 enim
598 3243 660 3307 ego
688 3222 860 3282 maledieta
889 3219 925 3281 iu
953 3242 1026 3282 eam
1046 3224 1191 3295 contuli,
1227 3245 1298 3288 non

227 3328 289 3393 ego
309 3305 555 3376 mendesium,
590 3324 627 3368 vt
652 3307 805 3368 irascatur
825 3309 908 3366 mihi
930 3344 959 3354 -
983 3329 1027 3379 17·
1050 3310 1202 3390 conloqui
1219 3322 1298 3373 eum

184 3396 189 3403 “
227 3391 335 3456 adens.
359 3393 447 3476 apud
464 3394 620 3455 Plautum
639 3392 750 3477 saepe,
776 3392 837 3454 est:
869 3389 987 3463 adfari,
1018 3394 1178 3478 adpellare
1199 3403 1295 3460 -18.

226 3491 343 3566 quote
362 3489 471 3539 onort.
493 3479 533 3539 stc
549 3478 637 3540 Dido
664 3497 784 3561 magno
804 3498 913 3538 amore
934 3479 1079 3559 polluto,
1101 3478 1189 3562 apud
1209 3482 1264 3543 Vir
1288 3527 1297 3545 .

226 3568 308 3635 Aen.
320 3586 350 3639 4.
361 3568 431 3636 362.
455 3555 572 3654 auerso
586 3577 695 3626 tuetur
706 3565 908 3634 Aeneam„ot
922 3568 1034 3642 ⁶24⁶9·
1053 3567 1165 3629 oculos
1179 3502 1299 3658 auerjlt

226 3651 363 3717 tenebat
374 3683 403 3697 -
422 3651 473 3709 ito
489 3652 555 3728 ing.
572 3672 675 3710 meum
690 3646 737 3738 est
753 3651 795 3709 fic
812 3646 899 3711 soleo
915 3684 943 3695 -
960 3651 1169 3726 19Ct'nt'mt'cos
1185 3652 1297 3733 Scipio

228 3730 370 3798 Gen'tilie
392 3734 520 3818 Parerg.
534 3757 561 3803 1,
579 3756 620 3797 ιι.
642 3734 755 3796 docete
787 3733 883 3795 lCtos
902 3736 1011 3795 virum
1029 3731 1098 3817 post
1115 3735 1299 3799 diuortium

228 3817 397 3904 adpellalie
411 3822 603 3895 ,inimicent
624 3817 716 3906 quod
736 3840 816 3883 vero
836 3822 891 3881 hic
914 3821 999 3879 nihil
1018 3820 1167 3902 explicet.
1205 3824 1298 3885 Alcu-

227 3925 326 3968 mena
346 3918 434 3967 certe
456 3907 640 3968 diuortium
659 3924 736 3965 cum
756 3907 875 3967 marito
895 3903 1043 3965 nondum
1064 3903 1225 3967 fecerat-
1248 3929 1297 3973 ιι,

227 3993 367 4077 Iupiter,
388 3988 539 4053 blandina
557 4005 819 4054 contrectatumo
839 3991 1068 4061 Alcumenam,
1089 3990 1235 4071 repulsus
1257 3992 1299 4052 ab
1317 4010 1321 4017 ¹

127 4109 135 4119 -
229 4097 268 4142 ea
289 4075 441 4149 videtur,
466 4095 567 4163 quare
586 4079 634 4141 ie:
665 4076 1024 4167 nimis1nerecnnda5es
1046 4092 1134 4159 quae
1148 4089 1183 4138 et
1202 4078 1298 4141 mari·
1394 4076 1396 4083 ’
