2817 4675
74 308 85 325 χ
160 341 168 359 ‘
219 326 327 417 ‘35⁶
391 360 393 367 ·
443 341 486 396 tn
515 338 656 395 remit
690 335 816 390 tcrvs
840 316 884 388 V.
910 337 1066 391 scentia
1087 298 1211 405 tt*

204 562 208 579 ,
235 520 309 581 '²3·
337 503 434 575 ludos
463 488 512 563 me
528 491 652 588 facitis
687 490 915 559 ludibriome
937 498 1127 579 hahetis-
1157 519 1191 575 ²3
1214 500 1255 561 ad
1275 517 1325 579 ²9³

256 592 437 674 Paegnium
464 584 597 648 videtur
630 579 780 643 exsultim
809 582 945 655 saltasse,
978 600 1011 646 et
1034 599 1167 668 repente
1200 585 1240 647 de
1274 588 1325 648 in,-

258 674 378 738 dustria
397 673 511 734 lenoni
533 671 577 731 ita
597 666 770 737 insultasse,
799 683 836 729 vt
856 688 959 752 prope
976 673 1164 753 percelleret
1187 685 1264 732 eum
1283 707 1327 724 .-

262 781 311 840 ²9·
332 754 454 853 ferne,
490 750 615 846 rursum
650 751 818 814 incursabo
849 787 892 807 -v-
933 764 982 827 30.
1007 756 1125 816 delude
1156 772 1217 817 etc.
1249 758 1325 818 leno

260 847 343 908 dicit
355 843 473 906 Toxilo
494 874 537 886 -
570 859 618 912 3¹·
642 857 735 920 puer,
756 839 842 919 quast
865 839 921 899 sthi
940 830 1063 901 dixisset
1088 841 1215 913 delude,
1244 841 1326 902 dicit

261 933 310 993 eit
330 931 442 999 viden,
463 937 503 985 vt
517 925 618 985 dictis
638 925 703 983 tuis
715 926 845 1001 pareo?
864 939 901 985 vt
919 938 950 985 te
966 923 1118 986 deludere
1137 927 1263 1008 pergo?
1284 961 1327 973 -

262 1037 312 1093 35.
342 1032 418 1075 cutte
437 1007 491 1098 fis
516 1032 574 1070 me·
598 1008 755 1087 adtingas
784 1029 827 1068 ue
853 1009 972 1069 itentm
1006 1010 1140 1073 insultes
1170 1014 1255 1073 mihi
1284 1047 1326 1060 -

262 1102 312 1177 36.
333 1111 426 1158 attere
442 1093 510 1180 ipse
526 1113 645 1176 magno
668 1092 724 1153 isto
743 1094 848 1164 malo,
872 1108 907 1155 te
929 1096 1073 1156 condono
1091 1097 1227 1159 malum.
1272 1097 1327 1157 Sic

166 1224 168 1233 ι
201 1226 202 1235 ¹
258 1184 381 1246 Bacch.
400 1202 426 1255 ς.
447 1204 474 1242 2.
494 1201 542 1257 24.
574 1193 608 1240 te
631 1179 779 1241 condono
801 1197 1019 1260 quam,v.a3.
1051 1182 1244 1264 promiserat
1261 1204 1325 1242 ma-

261 1271 327 1332 lam
349 1289 413 1328 rem
436 1287 597 1346 magnam.
634 1263 708 1324 Ter.
722 1264 852 1325 Phorm.
866 1281 892 1339 ς.
909 1283 937 1340 9.
957 1286 1004 1338 (4.
1026 1280 1206 1349 argentum,
1237 1266 1325 1349 quod

261 1354 371 1425 habet,
394 1348 619 1412 condonamus
635 1364 667 1409 te
687 1383 729 1393 -
753 1368 803 1424 37.
825 1350 871 1408 da
886 1343 1022 1441 pansam
1036 1350 1142 1412 desine
1161 1350 1322 1412 saltare-

145 1449 148 1457 “
233 1444 235 1455 ’
263 1448 314 1516 38.
336 1451 369 1499 at
382 1450 415 1498 te
435 1436 490 1498 iile
503 1433 680 1495 eradicabit
700 1467 744 1479 -
766 1454 816 1509 40.
836 1427 1009 1520 circumfer
1026 1438 1144 1519 praebe
1160 1439 1197 1496 ln
1215 1439 1324 1498 orbem

125 1534 128 1545 '
185 1534 188 1547 ¹
261 1540 284 1588 a¹
302 1523 430 1585 summo
451 1556 495 1568 -
521 1540 573 1593 4²·
597 1520 684 1604 quod
706 1540 770 1580 vos
790 1539 961 1602 numquam
987 1534 1140 1582 transeat
1159 1541 1326 1583 venenum

259 1610 462 1691 intelligunt,
490 1604 545 1666 seu
569 1605 716 1676 omnino,
749 1603 838 1687 quod
864 1608 984 1666 meiere
1011 1611 1181 1691 nequeatis
1199 1642 1245 1653 -
1273 1629 1323 1683 43.

276 1693 432 1759 tatietiius
445 1691 567 1752 saltatio
578 1692 689 1750 minus
702 1690 853 1758 motoria,
868 1693 903 1749 in
918 1711 980 1771 qua
996 1691 1161 1753 interdum
1174 1690 1273 1754 statur
1284 1728 1326 1741 -

194 1838 197 1846 ,
263 1783 380 1859 Hegea
403 1776 534 1837 videtur
558 1773 705 1841 saltatrilt,
735 1788 767 1835 et
795 1776 969 1839 Diodorus
998 1774 1125 1839 saltator
1151 1776 1259 1850 suilla,⁴
1286 1797 1325 1840 eo

262 1881 409 1946 tempore
422 1861 612 1925 achilee-
632 1880 683 1935 47.
702 1853 859 1951 inritaffis
874 1862 1061 1923 inritaueris
1084 1898 1127 1909 —
1144 1871 1195 1937 48.
1212 1866 1323 1925 admu-

263 1946 369 2038 titastt
392 1946 439 2008 ad
460 1958 562 2039 eptem
579 1943 646 2006 vid.
662 1959 732 2006 not
751 1944 791 2005 ad
815 1942 984 2025 Captae.
999 1954 1031 2009 18
1050 1945 1094 2030 sq.
1119 1964 1150 2009 et
1170 1949 1281 2023 Mit3.
1297 1970 1321 2010 1.

171 2026 173 2033 '
210 2048 212 2059 ·
266 2055 335 2109 137.
357 2067 400 2079 --
421 2051 461 2107 49
477 2030 518 2091 ad
534 2052 582 2107 51·
605 2029 673 2092 vid.
689 2050 719 2106 4.
731 2032 760 2091 6.
780 2049 790 2089 t
799 2052 811 2103 3
831 2030 872 2090 ad
891 2032 938 2091 16.
952 2060 1004 2091 ⁴-
1027 2049 1076 2105 53:
1097 2030 1320 2095 inconciliaret

161 2144 173 2163 ·¹
254 2117 456 2181 aduersatus¹
468 2115 521 2179 est.
542 2137 574 2178 ν.
591 2115 709 2178 Bacch.
723 2135 750 2188 3.
762 2117 792 2174 6.
805 2136 853 2176 22.
871 2150 913 2161 —
939 2119 986 2189 56.
1009 2115 1212 2204 prostibilem
1226 2138 1317 2179 mere-

172 2236 181 2251 ν
262 2205 412 2268 triculatn
426 2199 620 2263 vilissimam.
656 2201 835 2274 Stich.5.6.
847 2221 875 2277 4.
898 2202 1030 2285 quidam
1054 2202 1147 2263 codd.
1162 2202 1318 2294 prostibu-

143 2359 147 2367 .
167 2308 169 2315 ’
262 2291 380 2354 iam-,-
397 2308 431 2363 57
445 2285 486 2348 ad
497 2290 547 2350 62.
565 2288 714 2371 obiurgat
725 2287 878 2369 puellam,
899 2308 981 2372 quae
996 2287 1162 2370 peruersos
1177 2293 1322 2354 imitetur
1339 2305 1341 2310 '

161 2389 163 2396 ’
261 2376 490 2438 libertinorum
508 2375 738 2455 plerorumque
756 2391 872 2441 mores,
894 2390 930 2433 vt
948 2375 1068 2456 ingrata
1091 2377 1126 2434 fit
1148 2379 1323 2461 minusque

181 2463 185 2480 ¹
263 2459 443 2541 obsequens
464 2445 531 2528 sthi,
553 2457 762 2517 cuiuevniue
783 2457 818 2513 fit
842 2453 968 2527 liberta,
997 2462 1054 2541 qui
1077 2463 1146 2520 eius
1168 2478 1323 2542 patronus
1360 2471 1363 2480 ‘

263 2545 308 2613 stt,
327 2563 395 2605 non
410 2543 485 2603 leno
505 2575 548 2586 -
567 2561 613 2616 (9.
630 2540 700 2600 ΜΠ.
717 2543 752 2599 ni
762 2540 799 2598 id
812 2531 908 2630 efficit
925 2559 961 2602 vt
973 2560 1110 2624 patrono
1126 2545 1320 2610 aduersetur.

263 2623 304 2688 Se
326 2644 426 2689 nutus
440 2640 549 2706 tamen
560 2623 635 2696 ,sum
643 2625 798 2685 Venetam
813 2620 951 2688 etParis.
966 2630 1007 2708 ni
1020 2629 1070 2689 illi
1084 2629 1206 2719 obficit,
1234 2634 1322 2716 quod

254 2650 390 2790 Piderit
410 2725 442 2773 et
461 2710 552 2773 Acid.
571 2724 657 2772 recte
682 2723 801 2791 putant
824 2711 884 2771 elle
906 2715 1111 2783 concinnius,
1134 2718 1212 2778 licet
1230 2718 1320 2781 Acid.

260 2814 371 2866 tamen
393 2792 613 2882 praeposuerit
638 2789 751 2884 obfuit.
774 2830 817 2842 -
839 2799 890 2857 62.
913 2819 981 2859 meo
1008 2801 1041 2859 in
1063 2800 1135 2860 loco
1160 2802 1226 2866 καθ’
1248 2803 1324 2865 ieie
1394 2871 1395 2874 7

237 2888 352 2965 ,μέρος
369 2919 412 2932 -
432 2885 481 2953 64.
502 2882 624 2943 liberos
646 2874 793 2960 virgines
820 2881 1003 2943 mercaturi
1025 2918 1068 2929 -·
1097 2891 1146 2961 65.
1170 2889 1228 2967 qui
1242 2880 1321 2976 fuit

254 2970 424 3051 quondam
439 2959 553 3054 soriis
573 2981 695 3029 amator
721 3001 764 3013 -
794 2968 844 3035 65.
869 2968 1041 3047 colaphum
1067 2971 1127 3030 icit
1155 2970 1322 3055 κολαφίξει
1386 2993 1390 3000 “

261 3052 429 3136 Sagaristio
451 3087 494 3099 -
515 3054 565 3114 66.
583 3052 663 3113 lieu!
685 3064 780 3113 rzates
790 3052 964 3130 pervellit!
985 3070 1074 3115 uates
1093 3057 1134 3115 ita
1155 3053 1320 3128 adtrectat,

254 3150 297 3220 'vt
319 3156 371 3198 eae
390 3136 522 3218 depilet,
542 3140 628 3220 pilot
649 3138 757 3207 vellat,
780 3136 813 3196 id
836 3136 924 3221 quod
947 3141 1093 3216 moechis
1118 3131 1322 3220 deprehensio

78 3235 84 3248 ²
158 3229 160 3234 ’
221 3245 224 3250 ·
260 3213 381 3284 solebat
401 3219 488 3288 fierit
522 3242 620 3308 quare
640 3223 818 3305 Paegnium
843 3245 874 3283 v.
888 3227 938 3287 67.
966 3224 1024 3284 diu
1038 3218 1240 3324 saepeszmt
1266 3251 1320 3294 ex·

164 3373 169 3380 ‚
205 3310 211 3324 “
258 3316 400 3387 punctae
413 3322 503 3376 natet
516 3321 600 3380 tuae,
621 3308 781 3391 depilatae
794 3307 830 3365 in
845 3308 1002 3370 adulterio
1025 3311 1085 3369 tthi
1100 3308 1258 3392 deprenso
1278 3347 1320 3361 -

209 3451 214 3466 ,
261 3382 464 3477 &fufium
483 3395 577 3471 pueri
594 3407 691 3455 vocat
714 3412 791 3472 enm
812 3403 943 3476 proptcl
958 3391 1105 3455 stetinum
1129 3394 1236 3458 adhuc
1251 3397 1320 3458 hre-

260 3478 389 3538 viorem
406 3509 449 3522 -
470 3483 520 3537 68.
540 3489 678 3555 patrone
690 3494 752 3541 etc.
766 3478 872 3560 puella
884 3477 963 3558 dicit
976 3479 1086 3541 lenoni
1100 3479 1226 3542 adeum
1241 3482 1319 3544 inri-

146 3583 155 3594 ¹
261 3556 416 3634 tiendum,
437 3561 602 3622 vt'Toxilo
617 3560 803 3626 satisfaciat
826 3597 868 3610 -
888 3585 959 3623 mea
973 3566 1111 3643 ignauia
1123 3566 1320 3651 plerumque

167 3696 182 3722 ,
211 3643 216 3666 ‘
259 3645 375 3710 dicunt
398 3645 457 3709 else
481 3647 677 3710 ablatiuum:
706 3660 839 3731 propter
854 3667 961 3709 meam
979 3651 1154 3731 ignauiam,
1179 3672 1243 3735 qua
1266 3673 1318 3715 me

146 3799 150 3805 ,
242 3781 244 3785 ,
259 3732 346 3793 eludi
363 3734 478 3815 patior,
496 3748 528 3795 et
548 3749 584 3795 tu
600 3748 654 3793 me
673 3732 825 3796 deludere
845 3731 970 3794 audeo?
991 3734 1077 3794 Mihi
1095 3754 1172 3795 vero
1188 3737 1320 3803 videtur

258 3817 319 3877 elle
334 3819 523 3880 vocatiuue:
557 3832 603 3888 tu,
624 3837 723 3904 quam
743 3818 894 3917 ignauam
915 3817 974 3880 else
994 3818 1069 3891 scio,
1089 3835 1198 3881 tamen
1219 3826 1318 3886 etiam

257 3900 380 3964 hiscere
407 3902 632 3969 maledicendo
660 3902 812 3964 conans?
840 3925 891 3974 7²·
910 3926 1025 3964 manus
1050 3906 1094 3967 do
1116 3907 1244 3968 victum
1264 3929 1319 3972 me

258 3986 318 4064 elie
334 3984 436 4052 fateor
455 4021 498 4037 -
519 4011 570 4067 73.
583 3980 769 4079 subfarcis
783 3988 914 4052 vinctus
934 3991 1100 4076 virgisque
1115 3988 1234 4054 caelus.

580 4120 968 4153 m
