2817 4675
269 279 341 367 1⁶⁴
439 348 441 353 ,
602 296 657 353 ιιι
694 270 980 351 ottrnott'nur
1052 322 1065 347 1-
1158 282 1162 357 ζ

209 520 211 529 ,
266 454 379 527 tutin
393 458 499 520 'verbo
521 454 668 539 peperit,
699 455 788 538 quod
811 455 1001 540 'aufugiebat
1022 455 1065 519 ob
1086 455 1236 540 puellum
1250 476 1354 525 enm·

266 542 400 634 preffam
426 578 468 591 -
501 563 548 616 ²7·
565 535 669 629 foeta
694 544 861 621 morigera
889 540 935 632 est
963 542 1037 606 viro
1067 544 1122 603 cui
1147 558 1237 606 more
1266 549 1351 608 eius

267 633 380 697 euenit
402 643 561 711 exoptato.
617 628 948 712 Cognatamquippe
971 646 1040 689 nou
1064 646 1188 699 amore,
1219 627 1279 692 sed
1302 633 1350 693 le·

221 742 226 761 ·
267 721 363 805 gibus
392 729 539 783 coactus,
572 711 705 783 duxerat
727 718 771 758 -‘-
788 719 848 775 4ι8.
876 710 962 802 iusta
987 709 1138 797 funebrio
1158 747 1203 759 —
1232 736 1286 789 31.
1314 729 1346 779 et

268 816 417 866 cameto.
439 819 506 861 non
526 795 779 881 intelligendum
798 797 862 860 este
877 795 1045 881 postquem
1059 797 1203 868 duxerat.
1218 820 1339 885 cogno-

159 914 162 925 *
266 891 317 951 vit
336 880 486 956 denium,
509 883 571 946 effe
591 882 759 955 camdem3
784 895 939 953 nouerat,
962 902 1045 967 quae
1066 902 1104 944 ea
1123 881 1216 954 effet,
1242 907 1343 970 quam

268 971 503 1056 compresserat.
547 968 628 1029 Eam
650 966 753 1049 ipsam
771 970 814 1029 ob
838 966 984 1037 causam,
1010 987 1110 1047 vxore
1128 972 1185 1030 vix
1207 971 1345 1054 sepulto,

193 1089 197 1111 ·
268 1061 446 1137 Sicyonem
465 1056 596 1137 adparet
614 1068 825 1115 mercatorem
843 1050 1040 1138 properaffe,
1061 1067 1116 1123 vt,
1138 1075 1239 1137 quam
1260 1059 1345 1121 olim

258 1136 480 1226 'eompreiiam
506 1141 634 1203 amabat
660 1138 785 1207 adhuc.
823 1157 956 1203 vxorom
982 1158 1081 1222 quam
1107 1143 1257 1221 primum
1285 1143 1345 1205 du·

269 1244 358 1293 ceret
375 1261 419 1275 -
443 1246 491 1304 39.
516 1249 557 1287 ex
583 1220 708 1313 insidiis
730 1223 924 1296 1000‚‚vude
946 1222 1182 1308 speculabatur,
1205 1229 1245 1288 ab
1269 1229 1344 1311 hip-

269 1314 430 1399 podromo
447 1333 478 1389 ι.
496 1332 523 1386 3.
539 1333 568 1384 7.
591 1344 634 1357 --
658 1328 711 1385 4ι.
732 1321 773 1370 ot
796 1323 1006 1391 expungatur
1026 1331 1137 1370 nomen
1161 1330 1179 1370 e
1202 1332 1343 1376 numero

270 1401 467 1477 debitorum,
491 1413 527 1459 vt
547 1415 622 1457 meo
650 1395 785 1477 Prologi
809 1392 917 1457 officio
938 1395 1034 1479 piane
1052 1392 1126 1456 satis
1147 1395 1273 1459 faciam.
1298 1422 1342 1462 m

271 1478 352 1572 quid
375 1484 507 1544 debeam
530 1479 619 1541 idem
640 1478 794 1563 fignificat
810 1515 852 1527 -
872 1501 922 1553 43.
944 1483 973 1542 is
996 1479 1202 1554 adolescens,
1224 1483 1340 1545 Alcefi·

271 1571 424 1634 marchus
450 1601 493 1614 -
525 1586 573 1641 54.
597 1576 637 1625 ot
661 1565 756 1625 vobis
774 1580 836 1626 etc.
866 1563 982 1649 [cripta
1010 1567 1110 1651 igitur
1135 1567 1265 1655 videtur
1294 1568 1343 1633 iar

270 1657 349 1718 bula
369 1653 427 1717 sub
445 1650 546 1713 finem
566 1650 645 1712 belli
664 1650 779 1734 punici
802 1648 946 1714 secundi.
1030 1714 1033 1721 ‚

417 1790 419 1797 ’
486 1819 539 1882 1u
574 1797 744 1881 rcrvs'
768 1821 813 1882 11.
858 1818 1069 1883 scuunu
1097 1804 1130 1884 1.
1212 1878 1218 1879 f

120 1924 123 1931 ’
195 1916 198 1923 ’
299 1928 366 1971 r.
391 1906 476 1966 inter
501 1922 602 1975 artes,
631 1924 713 1988 quoe
740 1904 782 1966 ad
809 1907 1042 1969 excruciandos
1067 1908 1221 1981 homines
1249 1925 1345 1969 exco-

258 1995 391 2081 ‘gitatae
420 1989 512 2063 [unt.
544 2011 688 2053 amorem
712 1991 807 2053 credo
834 1988 895 2052 effe
922 1989 1065 2073 primum
1088 2028 1131 2040 -
1157 2014 1187 2053 ι.
1209 2006 1344 2076 meopte

272 2081 421 2159 exemplo
443 2090 647 2161 compertum
661 2078 722 2138 hac
744 2075 784 2138 de
801 2094 837 2136 re
855 2078 971 2144 haheo.
987 2075 1066 2139 oar.
1085 2100 1111 2140 z.
1127 2099 1154 2153 3.
1171 2086 1201 2139 8.
1224 2077 1344 2145 iisdem

274 2165 384 2243 verbis
413 2166 532 2234 utitur,
566 2164 624 2224 nifi
655 2161 744 2245 quod
778 2179 837 2245 pro
871 2185 910 2223 ne
926 2155 1024 2251 foris
1051 2184 1208 2246 quaeram
1242 2163 1344 2225 bob'et

273 2253 399 2332 magis,
433 2271 528 2334 qnam
548 2271 589 2309 ex
609 2250 801 2308 auditis-
833 2269 860 2319 3.
887 2249 1021 2310 otztideo
1048 2249 1343 2313 auteeo‘crucioht‘·

231 2387 234 2394 .
274 2338 442 2414 litotibus:
474 2330 549 2417 prae
578 2334 690 2397 ceteris
720 2332 911 2394 hominibus
940 2354 999 2416 ego
1027 2334 1111 2398 mihi
1140 2333 1278 2398 miseriis
1305 2354 1343 2395 ex

273 2421 383 2484 amore
397 2418 542 2480 ferundis
556 2418 673 2478 videor
688 2430 834 2479 natut-
854 2437 883 2490 4.
898 2414 1010 2511 versor
1020 2421 1056 2480 in
1069 2423 1191 2484 amoris
1206 2432 1282 2482 rota
1294 2422 1343 2486 im

177 2547 181 2554 -
274 2503 444 2568 certiffinta
464 2505 612 2586 experior
625 2504 696 2568 eius
712 2502 772 2563 elie
785 2503 902 2584 gaudia
914 2538 955 2551 -
981 2526 1007 2578 ς.
1024 2501 1164 2593 differor
1183 2509 1220 2566 in
1236 2506 1341 2570 diuet·

274 2593 345 2652 ium
356 2588 441 2650 feror
451 2624 494 2637 -
506 2610 595 2649 mens
610 2589 711 2650 orzimi
721 2607 738 2646 a
747 2587 862 2649 Plauto
875 2589 1010 2672 aliisque
1022 2590 1117 2651 bonis
1128 2590 1340 2675 scriptoribus

231 2729 234 2738 .
272 2675 366 2760 saepe
387 2678 540 2759 leguntur
563 2676 684 2735 iuncta.
714 2672 832 2736 Bacch·
847 2694 873 2744 3,
889 2693 919 2750 4ae
943 2674 1040 2759 Epid.
1053 2694 1084 2746 4.
1103 2697 1128 2741 ι.
1141 2696 1170 2749 4.
1186 2675 1341 2739 'Aristote-

272 2763 337 2823 leo:
358 2759 446 2829 uicit
467 2760 581 2834 σώματι
600 2752 683 2832 ὄψις,
705 2754 783 2821 orirer
800 2757 867 2826 νοῦς
882 2759 915 2820 ἐν
928 2761 1025 2842 ψυχῇ
1042 2796 1070 2807 -
1088 2761 1201 2824 nubila
1215 2775 1339 2845 pertur-

205 2859 207 2864 ’
271 2848 407 2908 bata-
428 2867 457 2912 7.
479 2846 529 2904 ito
551 2844 630 2903 milri
650 2844 758 2902 omnia
782 2836 1007 2942 ingeniosum
1024 2845 1090 2907 hoc
1108 2848 1338 2931 plerorumque

180 2938 183 2953 '
272 2934 452 2993 amantium
470 2928 550 2992 solet
565 2927 624 2987 effe
643 2928 866 3011 ingenium-
882 2931 962 2992 milri
978 2928 1123 3013 vtysaepe
1141 2929 1338 3014 παρέλκιι-ὶ
1407 2977 1408 2996 ι

274 3025 303 3092 8.
326 3013 428 3106 laffus
449 3035 524 3076 cum
547 3014 694 3097 genitiuo
717 3014 827 3074 animi.
877 3011 984 3074 sicet
1007 3013 1161 3077 Horatr.
1184 3014 1335 3079 Carm.6.
1407 3047 1408 3064 ι

272 3126 304 3162 v.
316 3124 345 3170 7.
358 3118 387 3162 tt.
408 3101 499 3162 lolius
518 3099 617 3159 maris
638 3113 671 3159 et
690 3100 820 3157 viarum
838 3099 1095 3183 militiaeque—
1122 3108 1151 3163 8.
1164 3119 1256 3172 oto.
1277 3103 1337 3168 cri·

271 3184 396 3246 minoia
422 3187 458 3244 in
486 3204 629 3246 amorem
654 3185 750 3244 verba
779 3185 943 3265 congerit,
970 3204 1073 3248 vnum
1096 3184 1129 3246 id
1154 3184 1335 3270 deplorant,

272 3271 361 3357 quod
386 3291 418 3330 v.
439 3291 484 3330 ιι.
514 3270 684 3354 exprimit:
722 3269 896 3329 maritimis
924 3270 1067 3332 moribus
1098 3289 1189 3332 amor
1218 3295 1336 3334 mecum

271 3357 442 3437 experitur
463 3373 481 3412 e
502 3355 677 3436 tranquillo
700 3356 737 3413 in
763 3351 982 3435 tempestatem
1007 3370 1141 3440 repente
1166 3359 1334 3424 coniectus

269 3439 403 3505 horreo!
444 3438 535 3499 Haec
556 3438 622 3519 ipsa
646 3451 713 3498 erat
735 3451 810 3498 rota
834 3442 957 3500 amoris
981 3438 1022 3499 de
1045 3459 1109 3526 qua
1126 3461 1159 3501 v.
1171 3462 1200 3519 4.
1218 3475 1260 3489 -
1285 3462 1332 3505 ιι.

269 3525 329 3616 nfi
351 3527 429 3609 quia
455 3543 521 3584 non
549 3544 586 3583 eo
611 3519 734 3622 peffitm
758 3526 863 3608 pergit
881 3524 916 3582 in
940 3539 1053 3612 tropo,
1085 3528 1334 3611 anauigatione
1406 3543 1407 3552 ¹

267 3613 460 3696 depromtor
495 3603 682 3684 [aeuiffimn
713 3609 814 3672 iactor
840 3606 1020 3680 fluctibue,‘
1053 3611 1153 3673 modo
1183 3614 1333 3677 nondum

225 3753 228 3756 ι
268 3701 403 3759 obrutus
429 3690 740 3775 submersusque-
771 3695 817 3752 16.
840 3695 1008 3756 Lemniam
1034 3712 1151 3777 putant
1173 3716 1193 3756 a
1214 3700 1332 3760 Meloe·
1406 3715 1407 3724 ¹

152 3785 155 3796 '
265 3782 344 3842 uide
371 3782 438 3842 dici
460 3776 633 3847 inridente,
655 3777 744 3861 quod
767 3779 898 3838 Lemnii
920 3799 959 3841 eo
981 3794 1125 3864 tempore
1148 3780 1333 3846 rusticitatis

264 3869 349 3927 vitio
374 3867 459 3926 male
477 3862 644 3925 audiiient.
672 3862 740 3924 vid.
760 3863 857 3928 Tmo.
874 3885 900 3926 2.
913 3886 944 3941 4.
959 3885 988 3942 4.
1009 3863 1063 3928 sod
1085 3868 1203 3930 Lemni
1222 3884 1333 3933 natam

264 3964 361 4014 vocat
375 3952 555 4020 Lemniam,
573 3964 610 4009 vt
628 3948 789 4008 Silenium
808 3969 832 4009 ι.
850 3968 875 4011 ι.
894 3969 962 4014 ιοι.
986 3947 1214 4043 Lemnimsem
1233 3972 1332 4037 quam

266 4039 330 4099 alio
352 4035 488 4097 nomine
507 4030 693 4098 nesciebant
714 4031 926 4117 adpellare-
940 4055 988 4112 ιγ.
997 4027 1156 4123 factione
1173 4040 1331 4122 potentin
