2817 4675
224 272 293 350 ¹7²
519 254 523 269 ⁴
586 286 678 341 'tu
714 284 862 373 tetntct
979 298 982 307 ¹

219 452 325 518 valuit
342 438 527 535 pa'ncratice
548 463 580 510 et
604 449 767 518 athletice,
790 462 823 509 et
847 447 1030 510 Aristoteles
1052 445 1162 509 laudat
1190 445 1297 531 α’ἃλη.

143 604 147 611 ¹
218 536 307 621 ςικῂς
325 538 450 603 ἔξιν-
486 557 534 595 ιο.
553 535 706 621 vidulus,
728 535 833 606 follis,
856 533 912 601 len
934 535 1064 621 Rada.
1084 555 1112 605 3·
1130 552 1188 609 47:
1220 554 1294 606 vas,

220 643 288 710 quo
306 619 480 681 utebantur
492 620 734 705 peregrinantes
749 620 790 679 ad
804 619 999 682 adseruanda
1013 639 1060 689 ea,
1074 638 1157 702 qnae
1176 618 1292 679 lecum

218 717 397 795 portarent.
423 705 516 789 Men.
536 727 562 779 ς.
580 726 609 776 7.
627 725 677 780 47.
702 720 789 769 recte
814 704 856 771 est
884 707 1085 788 obsignatum
1110 706 1143 764 in
1167 706 1288 767 nidulo

218 786 414 883 mrsupium
425 810 511 852 curn
531 791 664 850 viatico.
680 790 779 856 ‹Rud.
795 812 824 861 4.
839 813 868 866 4.
883 794 934 853 86.
956 789 1117 867 estnehic
1136 791 1290 862 nidulus,

183 870 188 877 ⁴
217 878 276 941 vbi
297 873 452 964 cistellam
471 888 562 939 tuam
583 869 679 964 ineffe
697 877 829 941 aiebas?
848 912 892 922 -
928 896 976 936 ar.
997 875 1115 941 melina
1138 873 1180 937 lc.
1197 895 1292 936 man·

218 965 301 1033 tica,
332 979 414 1043 quae
438 964 474 1023 in
498 974 586 1044 tergo
603 974 808 1046 portatur,e
852 963 915 1021 elle
939 962 1057 1030 ouilia,
1079 957 1137 1020 len
1158 978 1177 1019 e
1204 962 1292 1055 pelle

153 1068 173 1085 ¹·
216 1049 313 1111 melis
327 1080 370 1099 -ι-
391 1045 460 1133 post
474 1060 508 1107 te
525 1046 600 1111 volo
616 1056 733 1111 rocem
752 984 924 1131 paudilper
942 1043 1123 1109 iustinuiffe
1140 1044 1291 1120 videtur,

37 1122 43 1131 ’
112 1194 118 1205 ,
216 1148 256 1196 vt
272 1130 456 1220 iungendae
473 1125 535 1195 hae
549 1150 647 1221 noces
664 1151 738 1193 eum
756 1131 1024 1194 antecedentibus
1043 1130 1142 1195 client
1155 1143 1189 1191 te
1205 1132 1290 1193 volo

217 1220 298 1281 deos
318 1216 466 1301 perdere,
484 1212 564 1283 *nrox
584 1235 661 1281 vero
686 1216 775 1279 addit
793 1218 1041 1297 percontari-
1073 1237 1122 1283 za.
1140 1217 1287 1278 reddibi-

216 1317 274 1371 tur
293 1302 457 1365 reddetur.
499 1298 583 1363 Edd.
600 1321 679 1364 vero
695 1301 920 1365 vetustissimae
938 1304 1061 1364 habent
1081 1294 1285 1363 reddim—

219 1410 270 1466 23.
283 1391 334 1450 ius
347 1390 430 1449 dicis
445 1401 609 1470 tamquam
625 1387 944 1473 index‚}quaesrturus
954 1408 1056 1459 reum,
1068 1387 1230 1452 admones.
1240 1419 1283 1445 -.

173 1520 175 1529 .
219 1477 270 1538 26.
284 1474 492 1536 Praetoribus
513 1471 566 1537 sex
587 1471 686 1535 fasces
706 1492 724 1537 a
745 1474 882 1539 totidem
909 1469 1172 1554 praeferebantur
1191 1474 1283 1535 licto·

216 1558 317 1623 ribus.
347 1558 427 1620 'Lex
445 1556 605 1622 Plaetoria
626 1574 809 1640 praetorem
824 1560 1011 1629 urbanum,
1028 1577 1126 1641 quam
1153 1557 1212 1620 diu
1234 1558 1287 1621 ius

216 1646 304 1709 inter
328 1646 417 1706 ciues
444 1642 581 1713 diceret,
608 1641 689 1705 duos
708 1645 839 1709 lictores
861 1642 970 1705 lecum
996 1645 1115 1708 habere
1141 1644 1287 1708 iubebat.

216 1730 377 1817 Thesprio
401 1742 510 1795 autem
532 1728 565 1788 h.
581 1729 603 1789 l.
626 1731 706 1799 vult,
732 1729 868 1813 dignum
889 1729 1063 1812 Epidicum
1081 1728 1162 1800 elle,
1188 1730 1248 1812 qui
1268 1748 1289 1789 a

217 1816 348 1881 duobus
366 1811 502 1879 robustis
516 1814 736 1895 virgatoribus
758 1816 860 1898 probe
880 1815 1032 1889 caedatur
1049 1851 1093 1862 -
1122 1823 1169 1876 28.
1191 1837 1289 1876 arma

216 1903 262 1962 ad
288 1897 396 1988 hostes
417 1888 670 1986 transfugerunt
696 1901 833 1982 explicat
856 1922 888 1960 v.
905 1919 952 1976 29·
983 1901 1108 1966 abiecta
1128 1901 1289 1962 relictane

216 1982 327 2077 brasias
346 1984 467 2047 hubent
481 2019 524 2037 ι-
550 2005 597 2056 3¹·
614 1985 682 2052 erit
698 1986 750 2045 illi
764 1987 883 2053 horrori
900 1998 986 2049 taxat
1006 1983 1152 2049 fauorem
1166 1985 1288 2047 Roma·

16 2144 20 2151 ι
125 2124 134 2145 ,
216 2090 336 2133 uorum
357 2069 510 2159 iniquum
538 2089 612 2153 erga
635 2072 832 2141 nonnullos,
855 2090 995 2154 quornm
1017 2075 1112 2156 culpa
1140 2092 1191 2133 res
1216 2087 1288 2134 erat

188 2159 192 2169 '
216 2156 301 2219 male
317 2154 409 2241 gestat
453 2154 569 2219 Caium
592 2158 711 2238 opinor
724 2157 915 2225 Terentium
925 2158 1101 2218 Varronem
1122 2154 1158 2221 in
1172 2174 1287 2220 mente

215 2244 325 2317 habet,
344 2239 627 2305 cladisCanuenfis
648 2257 812 2302 auctorem
829 2244 1038 2311 temerarium
1053 2276 1096 2292 ψ-
1119 2262 1154 2316 3²
1176 2242 1217 2303 ad
1235 2245 1284 2317 36.

170 2403 173 2410 Ι
215 2348 304 2391 noua
320 2327 376 2387 libi
391 2326 619 2412 Stratippocles
648 2346 736 2388 arma
762 2327 887 2388 curabit
907 2326 1066 2389 audenda.
1089 2363 1133 2378 .-
1155 2329 1287 2390 Dormi-

215 2414 291 2475 taffe
301 2411 507 2474 Camerarius
517 2409 760 2495 Lambinusqne
773 2413 923 2480 Plautum
943 2414 1068 2483 dicunt,
1083 2412 1139 2498 qui
1156 2415 1284 2490 iisdem,

168 2501 170 2510 ’
216 2515 300 2583 qnae
313 2496 476 2556 Vulcanus
499 2492 672 2558 fabricatus
695 2494 780 2570 effer,
803 2498 935 2559 Achillis
956 2499 1065 2568 armis,
1094 2499 1283 2571 Hectorem,

214 2581 366 2646 Patroclo
393 2577 518 2648 obciio,
548 2582 689 2664 potitum
716 2580 778 2641 elle
798 2581 953 2645 ¹somniet.
995 2584 1071 2645 Non
1093 2582 1163 2667 ipse
1189 2599 1287 2667 poeta

215 2667 374 2752 loquitur,
398 2666 539 2726 caculam
557 2668 685 2728 veroin
703 2686 748 2738 re,
768 2689 826 2753 per
844 2669 997 2736 nebulam
1013 2683 1141 2730 tantum
1162 2667 1285 2742 audita',

178 2804 197 2826 „
215 2752 339 2824 erraile,
362 2750 398 2814 id
415 2749 548 2834 quidem
569 2750 709 2833 persona*
723 2755 793 2813 eius
813 2775 881 2817 non
900 2759 1005 2837 magis
1032 2754 1207 2840 iudignum
1230 2756 1283 2830 est,
1320 2763 1328 2772 ’

216 2858 315 2925 quam
347 2835 438 2920 quod
466 2838 502 2900 in
530 2834 701 2901 Cistellaria
726 2838 975 2902 Alcesimarchus
1010 2842 1172 2902 lunonem
1204 2840 1287 2904 dicit

215 2925 306 2988 Iovis
320 2923 380 2984 elle
397 2920 495 2984 filiam
508 2957 551 2972 -
574 2943 586 2994 3
595 2942 622 2995 3.
639 2923 734 2986 Theti
743 2945 817 3010 pro:
840 2924 991 2986 Thetide.
1003 2961 1046 2972 -
1060 2925 1286 3012 Nonprogna-

107 3011 111 3022 '
216 3024 288 3074 turn
322 3028 338 3067 a
365 3007 506 3068 Thetide
535 3006 783 3091 Stratippoclem
812 3010 872 3070 elle
900 3011 1087 3082 contendit,
1116 3010 1187 3084 sed,
1208 3011 1287 3103 sure

216 3094 351 3176 perdat,
376 3092 489 3176 perdat
511 3092 589 3156 licet
609 3113 707 3165 arma,
730 3095 791 3158 alia
807 3095 863 3155 fibi
883 3097 1075 3157 non'minns
1096 3101 1287 3184 procurabit

217 3175 305 3264 ipse,
344 3198 441 3261 quarn
468 3178 582 3240 Thetis
611 3176 679 3241 filia
712 3175 768 3242 suo
792 3213 835 3230 ·--
868 3179 916 3254 36.
931 3178 1077 3269 stragulis
1099 3180 1284 3273 stipendiis

217 3265 334 3350 quauis
350 3261 566 3344 expeditione,
588 3265 704 3346 quouis
724 3265 862 3326 militiae
885 3266 959 3328 luae
978 3288 1063 3329 anno
1079 3303 1122 3314 —
1143 3274 1284 3332 exterius

216 3344 402 3410 vniuerlam
429 3362 621 3410 armaturam
645 3350 732 3411 suam
754 3386 796 3397 -
821 3367 869 3427 43.
890 3354 990 3413 animi
1012 3352 1159 3415 libidinis
1173 3354 1284 3426 causa,

216 3451 254 3496 vt
268 3456 304 3497 ea
321 3430 351 3498 ie
368 3431 564 3494 oblectet-
585 3454 633 3507 47.
654 3438 877 3518 utrumquem
898 3437 969 3497 aito
988 3452 1108 3499 verttttt
1125 3462 1140 3499 e
1156 3455 1180 3513 t,
1206 3444 1284 3504 exin

217 3519 325 3582 cellam
349 3518 493 3579 vertitur
515 3517 548 3578 h.
565 3519 586 3577 l.
607 3521 665 3600 qui
687 3540 777 3583 nono
806 3541 915 3582 amore
937 3544 1070 3608 peregre
1092 3542 1205 3610 captus
1230 3526 1286 3598 est,

216 3601 338 3666 veteris
371 3600 510 3668 absentis
542 3602 664 3665 amicae
692 3604 788 3667 facile
814 3606 1027 3670 obliuiscitur.
1061 3610 1128 3671 vid.
1152 3631 1176 3672 r.
1200 3634 1226 3673 2.
1248 3634 1286 3685 30

219 3704 250 3749 et
269 3689 316 3763 3¹2.
361 3689 425 3752 Sed
443 3689 544 3749 Poen.
566 3709 593 3760 3.
615 3709 640 3753 t.
656 3708 684 3767 9.
711 3690 825 3752 eadem
842 3695 940 3755 verba
963 3692 1156 3780 significante
1179 3699 1287 3782 qualis

217 3773 261 3836 est
286 3772 434 3845 fortuna,
459 3775 530 3834 talis
549 3772 592 3834 est
612 3772 786 3838 hominum
808 3780 948 3842 anilnua.
964 3815 1007 3828 -
1044 3801 1090 3850 50.
1113 3785 1173 3843 ΤΗ.
1196 3782 1287 3876 Quid

216 3861 321 3938 igitur
348 3859 464 3941 rogas?
508 3861 572 3921 Ea.
601 3858 689 4003 im
721 3864 816 3922 mittis
848 3882 919 3924 eam
954 3867 1079 3931 emerit.
1128 3871 1189 3930 Tra.
1213 3873 1284 3931 Tot.

162 3987 166 3994 ι
217 3944 293 4006 Hoc
315 3942 512 4025 respondens
533 3945 607 4006 The
621 3945 699 4029 prio*
717 3946 827 4029 digitio
853 3948 978 4013 indicat
1005 3971 1179 4014 nnmenrm
1208 3975 1286 4038 qua·

218 4029 456 4113 dragenarium.
492 4030 573 4120 ¹Huc
593 4030 689 4117 Epid.
713 4032 884 4108 intellexit,
905 4037 963 4120 qni
985 4037 1110 4101 mirans
1130 4038 1287 4102 exclamat
