2817 4675
621 228 626 257 l

431 268 556 386 servs
582 310 628 389 ll.
671 288 826 388 sesnin
851 314 879 388 1.
1119 317 1186 403 165

105 489 179 552 Aur.
198 510 225 569 a.
247 511 274 552 2.
294 511 341 565 50.
359 525 402 539 -
427 510 474 567 19.
500 495 754 577 iusiurandum
779 491 933 585 nostrum*
947 514 1020 557 mea
1047 496 1201 579 quidem*

105 573 174 635 filia
196 596 267 638 non
292 575 411 643 fefellit
430 578 503 640 vtibi
531 578 644 640 datum
669 613 712 626 -
743 570 918 640 21.'dime
939 583 1086 661 perdant
1106 583 1178 642 inn-

18 730 21 739 Ι
128 659 252 725 endum
274 682 350 734 cum
362 661 452 726 sets.
467 686 514 724 ιι.
529 699 572 711 -
585 664 744 726 Melaenis
767 679 876 726 antem
888 663 1059 737 ,malitiose
1082 669 1178 729 inter·

104 681 194 832 latur
218 750 438 833 quodcumque
451 761 517 827 ¹ete.
548 766 582 811 et
604 768 665 833 ego
684 748 804 821 velim,
826 748 904 811 deos
928 764 960 811 te
986 753 1177 835 perdere-

95 838 158 906 26.
178 833 233 893 abi
254 849 410 916 quaerere
429 834 607 919 quaesitum
629 836 719 906 alios,
742 835 800 896 vbi
821 828 908 917 apud
930 856 1013 921 quos
1033 838 1175 901 iurando

102 917 168 976 iuri
185 919 320 981 Iurando
340 933 397 981 tuo
415 935 476 982 etc.
520 920 681 982 Nonnulli
703 919 798 982 codd.
822 921 943 985 habent
963 938 1175 1005 quaerere-

23 1042 35 1065 t
104 1016 155 1076 ²7·
179 999 297 1104 teffera
325 1003 509 1089 hospitalis,
541 1009 722 1067 emateria
752 1003 878 1089 fragili,
919 1009 1013 1069 cuins
1044 1004 1174 1091 vtrique
1244 1060 1250 1071 .

74 1085 312 1170 ·holpit1erat
341 1084 477 1152 dimidia
500 1109 591 1174 pars,
627 1112 726 1175 quarn
751 1091 810 1174 qui
832 1087 1050 1175 confregerat,
1080 1094 1174 1154 alteri

96 1172 280 1255 hospitium
299 1176 483 1257 putabatur¹
498 1176 703 1237 renuntialle.
754 1176 827 1236 Hoc
849 1176 984 1257 quidem
1007 1179 1080 1240 loco
1098 1195 1171 1238 non

98 1256 143 1319 de
163 1259 306 1343 hospitio
326 1258 437 1322 sermo·
450 1260 508 1332 est,
539 1257 593 1323 led
618 1260 657 1322 de
682 1259 746 1321 side
770 1261 809 1321 ab
829 1262 975 1323 Atreum.
994 1264 1114 1323 violata
1127 1296 1170 1312 -

97 1364 151 1420 ²9·
172 1346 392 1406 internorum
415 1366 481 1406 rem
504 1365 586 1427 quae
608 1364 700 1406 nunc
719 1346 805 1407 inter
822 1364 883 1406 nos
900 1349 1015 1428 agitur,
1037 1349 1170 1409 verbnm

35 1439 38 1442 ’
80 1421 268 1516 ,usurpabo
288 1442 385 1489 vetus
413 1446 522 1491 vetere
547 1418 748 1514 respondebo
775 1431 835 1491 tibi
858 1432 1095 1512 prouerbio-
1121 1452 1169 1505 3ο.
1241 1454 1244 1473 ¹
1328 1474 1332 1481 .

94 1513 143 1581 est
166 1532 202 1574 ea
230 1512 372 1575 formula
392 1516 568 1576 amicitiam
596 1518 861 1579 renuntiantium
879 1550 920 1563 —-
946 1538 995 1590 31.
1016 1537 1075 1600 pro
1099 1518 1170 1579 vnl-
1235 1590 1240 1597 .

95 1610 194 1681 gato:
219 1616 277 1680 pro
297 1594 351 1661 me
372 1594 528 1693 responsa
549 1601 622 1671 tibi,
646 1601 819 1691 Scioppius
840 1603 966 1665 mavult
985 1594 1168 1746 respergas,

97 1683 271 1749 Gronovio
289 1685 426 1768 aliisque
445 1704 513 1748 non
535 1687 650 1770 paucis
671 1687 751 1747 viris
775 1686 880 1748 doctis
899 1687 1092 1771 adprobanti
1116 1707 1165 1749 us.

94 1769 141 1828 Vt
160 1790 256 1841 mr.
280 1773 425 1852 roganti:
450 1791 513 1831 non
535 1773 705 1834 remittes?
734 1770 815 1833 dicit
826 1764 918 1919 ζξὶε,
938 1788 976 1834 tu
998 1772 1099 1841 dicis,
1126 1772 1168 1832 sse
1216 1822 1219 1829 .
1248 1837 1258 1855 x

92 1854 155 1915 hic
178 1853 218 1913 ad
237 1875 300 1916 uon
321 1850 490 1946 remiffnra
510 1855 591 1919 dicit
606 1851 792 1950 responsas.
862 1858 1009 1919 ermultis
1031 1859 1168 1919 Plautus

92 1938 178 2000 locis
204 1938 322 1999 eodem
348 1940 449 2002 modo
480 1942 716 2024 interrogantes
742 1943 904 2005 amolitur.
936 1941 1164 2019 Cal.5.4.13.

99 2024 166 2088 Os.
184 2022 290 2087 times.
331 2027 386 2088 Sr.
402 2048 461 2106 ego
479 2027 546 2090 ne?
584 2031 648 2090 Or.
666 2028 756 2089 hauri
767 2031 909 2091 mentire.
931 2028 1018 2089 Rud.
1036 2050 1063 2090 z.
1076 2049 1101 2101 3.
1116 2048 1164 2089 ss.

99 2111 299 2172 Tremit?
350 2116 420 2174 ΑΜ.
438 2133 521 2172 vera
544 2114 724 2192 praedicas
744 2127 805 2175 etc.
827 2147 871 2161 -
898 2134 946 2188 33.
971 2122 1165 2174 commentor

91 2195 237 2256 meditor
257 2196 337 2256 alias
365 2214 415 2255 res
439 2231 482 2242 -
504 2217 552 2271 35.
578 2200 740 2259 Msmre
760 2215 871 2281 roges,
901 2197 981 2282 qnid
1005 2196 1165 2259 Melaenis

17 2306 21 2315 »
94 2281 214 2363 agam?
246 2279 301 2343 led
327 2272 476 2344 animum'
498 2283 608 2363 potins
634 2274 788 2356 aduo'rte,
819 2296 856 2344 vt
884 2281 980 2355 lcias,
1012 2281 1093 2366 quid
1115 2295 1164 2352 tu,

91 2368 343 2438 Alcesimarcho,
376 2364 465 2450 agas!
494 2402 537 2415 —
572 2373 620 2441 36.
650 2370 701 2428 dir·
723 2360 843 2459 superi
872 2367 1017 2451 eripuisset,
1063 2359 1166 2456 inferi
1196 2373 1201 2388 ¹

87 2450 281 2530 ὑποχθόνιοι,
304 2454 501 2513 medioxumi
523 2451 658 2530 χθόνιοι,
682 2453 878 2515 Graecorum
898 2455 1047 2520 intuente.
1093 2454 1162 2512 Me·

90 2538 261 2597 dioximus
282 2539 303 2598 i.
321 2559 352 2620 q.
376 2538 562 2597 mediocris.
592 2538 641 2597 dii
661 2540 852 2602 medioximi
868 2536 1083 2598 censebantur
1099 2535 1162 2597 diis

87 2611 230 2684 summis
251 2622 353 2706 etsui
376 2624 518 2693 ratione,
541 2637 573 2683 et
588 2624 673 2696 loco,
695 2639 728 2685 et
750 2623 902 2709 potestate
920 2625 1092 2700 minoresf
1105 2623 1165 2694 ho·

87 2710 224 2768 minum
249 2726 328 2768 vero
351 2719 466 2769 natura
495 2708 646 2768 maiorem
695 2709 759 2770 Pro
782 2709 981 2771 Medioximi
1003 2707 1163 2769 Meurssus

89 2796 130 2854 in
151 2790 224 2855 cod.
243 2807 351 2872 vetere
366 2794 445 2875 legit
466 2794 668 2871 medigrnmi,
690 2813 707 2851 a
730 2795 974 2875 grnmnslocus
991 2792 1163 2853 editior-

91 2898 146 2950 37.
159 2883 208 2950 38.
220 2897 269 2956 39.
290 2881 425 2940 quenis
445 2877 613 2938 inducitur
632 2897 759 2952 errans;
774 2879 862 2941 luno
884 2878 973 2936 enim
994 2895 1064 2938 non
1084 2871 1181 2948 filia‚'

86 2960 149 3023 led
166 2961 255 3021 'soror
275 2979 307 3024 et
328 2984 415 3025 vxor·
431 2965 538 3034 lovis,
565 2963 724 3025 Saturnus
746 2975 815 3024 non
834 2975 968 3044 patmus
989 2960 1043 3022 led
1061 2977 1161 3045 pater,
1195 2961 1200 2970 ‘

87 3048 164 3131 Ops
189 3066 259 3112 non
279 3051 352 3108 auia
372 3048 426 3108 led
445 3063 548 3110 mater
574 3050 749 3129 putabatur
771 3051 858 3110 lovis
885 3063 982 3129 atque
1006 3049 1160 3122 lusionis}

84 3132 255 3193 Melaenis
286 3135 386 3215 igitur
413 3131 465 3195 bis
491 3154 567 3193 eum
595 3137 798 3217 contigit-
828 3154 878 3207 41.
899 3144 936 3192 tn
964 3155 1013 3192 me
1039 3133 1163 3198 detersis

85 3231 240 3280 mentem
258 3220 341 3278 mihi
360 3219 530 3279 adimis—
546 3219 596 3294 46.
614 3219 664 3279 dii
682 3219 855 3300 patellarii
873 3218 992 3300 quibus
1013 3218 1160 3281 colendis

88 3304 128 3365 in
158 3303 284 3388 patellis
314 3304 559 3388 adponebantnr
585 3306 718 3388 epulae,
753 3306 866 3372 Lares,
899 3303 1033 3365 Penates
1055 3337 1098 3349 -
1119 3301 1161 3378 46

88 3389 133 3451 ad
152 3411 201 3465 51.
221 3392 323 3453 oratio
349 3393 499 3451 amatoris
526 3390 598 3450 irati
628 3393 772 3450 nimium
795 3404 954 3471 qnantum
976 3390 1160 3471 perturbata
1249 3385 1253 3392 ’
1319 3423 1349 3474 ι,

91 3473 145 3536 est.
198 3478 365 3536 iuraturus
386 3472 479 3535 fuille
505 3476 638 3536 videtur
658 3498 719 3557 per
736 3469 867 3568 screnum
892 3474 1006 3536 Silens'i
1033 3474 1092 3532 nisi
1122 3491 1160 3532 ea

89 3563 286 3633 remittatur,
310 3560 351 3631 le,
373 3575 446 3621 ante
469 3560 643 3626 crastinam,
660 3564 779 3636 lucem,
802 3575 937 3627 etnam,
960 3570 993 3617 et
1011 3572 1160 3628 matrem,
1195 3579 1204 3594 ,

87 3664 125 3710 et
153 3645 183 3706 le
209 3646 316 3734 ipsum
344 3645 405 3707 elle
434 3647 703 3708 obtruncaturum
726 3681 768 3693 -
794 3665 844 3723 49.
868 3646 975 3725 primo
999 3641 1063 3702 luci
1083 3655 1171 3728 gen(

91 3731 222 3795 mainil.
249 3746 287 3793 vt
306 3733 377 3794 Aul.
396 3752 427 3807 4.
453 3739 498 3793 ιὀ.
520 3739 565 3792 18.
596 3731 665 3791 lnce
698 3732 789 3792 claro
811 3765 855 3777 ·-·
885 3728 981 3789 enzbo
1008 3746 1066 3810 pro
1093 3749 1159 3787 nm·
1251 3771 1258 3778 .

93 3816 153 3877 bos
177 3814 302 3903 saepius
324 3817 480 3879 obcurrit.
503 3816 537 3876 h.
551 3817 572 3874 l.
593 3816 704 3880 ambas
725 3815 903 3894 dicendum
924 3824 1000 3886 erat,
1021 3825 1163 3873 matrem
1268 3809 1271 3822 '

96 3913 129 3958 et
154 3898 274 3975 filiam,
317 3901 371 3965 led
402 3915 434 3963 et
468 3901 615 3962 Meroe.
636 3923 709 3973 r.7.
750 3900 793 3961 est
823 3898 918 3959 ambo
953 3915 1014 3980 pro
1048 3898 1161 3960 ambae

93 4004 205 4068 caprae
220 3997 263 4035 -t-
284 3977 331 4063 5⁴0.
351 3988 475 4070 pedatu
498 3988 612 4069 inpetu
636 3990 748 4058 tertio,
775 3983 816 4045 lc.
836 3997 870 4043 te
885 3980 1054 4067 filiamque
1070 3998 1161 4044 tuam

16 4111 19 4114 -
93 4069 117 4131 fi
146 4072 299 4139 obsidere
323 4075 469 4160 priores,
509 4090 564 4135 me
592 4069 699 4157 iplum
726 4070 843 4133 addam
864 4070 981 4155 inpetu
1006 4071 1100 4133 tertio
1117 4099 1163 4120 -ι
