2817 4675
227 277 301 327 222
571 277 618 329 nl
643 277 947 332 nottestane!

222 439 385 526 palpebris
402 455 472 499 nou
485 436 630 500 diductio
647 435 703 502 sed
721 439 926 502 coeuntibus.
968 438 1023 500 Sic
1040 436 1203 502 uictores
1219 460 1299 505 eon·

221 531 337 589 ninere
358 525 517 584 dicuntur
534 518 705 584 arctiffime
726 525 855 584 iunctae
872 558 917 570 -
941 543 997 596 ¹47
1017 524 1059 583 ad
1078 547 1146 596 tce.
1164 529 1294 607 pictum

195 614 286 678 ,i.e.
312 611 475 694 picturam
501 609 624 669 Theur.
641 606 915 691 nochonlpicin
950 611 1026 692 quia
1055 611 1146 670 nulla
1168 612 1288 676 aderit

228 698 397 762 Cornieem
411 694 520 754 lemna
537 694 689 774 intelligit
702 691 734 754 le
747 692 864 777 ipium,
880 694 1049 755 volturios
1062 699 1288 759 amem'rheo
1345 751 1348 756 .

220 782 370 865 ropidem
385 794 417 840 et
431 781 612 848 Simonem,
633 776 725 841 lenes
743 797 867 847 anatot,
886 800 969 863 quos
984 797 1137 864 tuosque
1153 785 1293 845 vellicat

221 862 422 930 ludificatur!
445 866 528 926 Satio
548 864 700 925 audacter
722 866 967 938 149hemmad
985 865 1016 926 [e
1028 864 1171 947 spectare
1188 871 1295 941 iubet,

221 970 258 1016 vt
283 956 449 1014 cornicem
477 947 572 1034 poffit
599 951 713 1012 contui
739 952 888 1011 contueri
912 984 955 997 -
1002 971 1070 1023 ιςς.
1098 954 1179 1013 haee
1210 978 1297 1038 quae

151 1065 156 1070 ·
221 1035 347 1130 poffum
371 1036 557 1118 conspicere
577 1067 622 1088 -ν
653 1037 720 1095 ιόι.
739 1038 838 1095 aedes
858 1036 932 1097 dico
953 1048 990 1096 rt
1007 1054 1067 1119 per
1082 1035 1141 1098 has
1159 1038 1293 1104 donare.

143 1133 149 1142 ’
223 1121 355 1188 oon‘est
371 1121 473 1182 sermo
497 1121 538 1181 de
561 1138 676 1205 ganeo.
704 1118 748 1181 cl.
768 1142 777 1179 ι
785 1143 834 1195 30.
856 1154 901 1167 -
937 1125 991 1181 162
1009 1122 1049 1182 ad
1071 1144 1138 1192 t70.
1153 1124 1293 1189 Tranio·

222 1231 301 1273 nem
321 1209 406 1269 nihil
429 1209 558 1276 minut,
589 1226 688 1288 quam
718 1208 798 1266 hero
828 1206 993 1289 libiquea
1025 1225 1106 1268 caue
1132 1222 1288 1283 metuere,

225 1296 280 1359 led
307 1296 426 1356 herum
451 1292 556 1355 modo
579 1292 715 1352 fimilato
741 1303 833 1351 metu
864 1289 920 1351 luo
950 1292 1126 1352 inridicula
1156 1294 1286 1369 habere,

222 1379 432 1444 manifestum
451 1376 495 1438 ett
507 1411 552 1425 -
578 1381 644 1444 1⁶4.
657 1376 713 1436 abi
731 1377 876 1437 dierecta
894 1377 947 1438 abi
963 1377 998 1435 in
1012 1378 1130 1438 malam
1146 1398 1286 1452 crucem,

221 1463 345 1530 dicitur
363 1466 420 1527 hic
442 1464 526 1525 cani.
564 1459 632 1520 vid,
654 1459 748 1540 Capt.
771 1485 797 1532 ς.
815 1484 844 1529 a.
865 1481 933 1534 ¹03·
949 1495 993 1508 -
1020 1462 1128 1551 nist!
1149 1470 1316 1550 repetito

124 1563 128 1576 ’
206 1571 337 1617 scanem
354 1552 537 1633 tingentem
559 1546 729 1606 abactums
752 1547 824 1607 vult
844 1546 951 1608 videri
967 1581 1013 1593 -
1048 1553 1114 1614 163.
1136 1562 1205 1610 tom
1217 1554 1291 1632 plo·

225 1640 301 1701 cido
319 1634 375 1728 est,
397 1656 494 1718 quam
511 1651 599 1715 aqua
612 1650 695 1714 quae
710 1631 768 1690 nist
785 1633 882 1710 ipsius
896 1632 985 1694 mole
1000 1631 1140 1714 depreffa
1154 1637 1291 1712 labatur,

222 1738 441 1786 ventorumve
459 1732 631 1778 moueatur
650 1718 696 1784 vi,
722 1714 817 1776 instar
834 1714 957 1797 speculi
989 1717 1072 1779 leuis
1103 1736 1135 1780 et
1162 1724 1292 1803 placida

224 1807 277 1871 est.
336 1807 424 1867 Haec
453 1822 531 1864 vero
562 1802 707 1861 Simonis
734 1802 770 1859 in
798 1802 934 1864 aedibus
962 1804 1051 1864 cauis
1087 1819 1143 1866 ant
1168 1808 1293 1894 sculpta

224 1890 341 1965 modo,
368 1905 438 1961 aut,
469 1901 506 1948 vt
532 1887 618 1971 apud
639 1887 831 1948 Petronium
854 1887 1086 1951 Trimalciouis
1116 1893 1152 1950 iu
1178 1893 1291 1965 domo,

223 1982 310 2066 pieta
334 1989 417 2051 etat;
446 1970 530 2036 lenia
552 1991 628 2035 vero
656 1975 773 2034 oculus
795 1972 945 2033 hebetior
959 1975 1048 2053 (¹54)
1071 1978 1207 2058 putabat
1230 1981 1292 2044 elle

223 2066 336 2130 viuam
355 2095 400 2109 -
424 2064 492 2136 167.
517 2058 660 2121 abducar
679 2059 813 2141 aliquia,
835 2057 905 2120 leu:
934 2057 1073 2121 abducat
1090 2059 1131 2123 le.

396 2257 451 2322 1u
485 2245 658 2319 totts'
680 2256 749 2318 111.
799 2223 1108 2323 scoutu'ut.

217 2377 354 2441 Rectiua
381 2391 459 2435 vero
493 2369 542 2431 IN
576 2367 736 2429 ACTVS
767 2371 826 2431 lv.
866 2370 1070 2433 SCENAM
1097 2375 1124 2437 1.
1156 2373 1198 2439 de
1220 2397 1287 2462 quo

543 2452 693 2516 videatur
718 2456 964 2538 Argumentum.
1198 2455 1203 2465 ’

282 2591 308 2644 3.
332 2569 479 2631 obiectos
494 2566 554 2626 viti
570 2567 672 2648 pretio
689 2567 848 2630 venditae.
868 2569 1089 2655 Tenlldelpb.
1103 2593 1129 2633 t.
1144 2595 1174 2648 4.
1192 2595 1227 2648 ις
1240 2573 1284 2660 lq.

215 2656 335 2740 viginti
357 2655 467 2715 minae
488 2671 548 2735 pro
568 2652 694 2735 psaltria
716 2655 851 2736 periere,
877 2674 970 2738 quae,
992 2672 1150 2739 quantum
1172 2660 1285 2739 potest,

214 2744 322 2827 aliquo
342 2739 525 2801 abiicienda
542 2734 596 2826 est.
641 2737 730 2798 Haec
751 2742 848 2800 lectio
871 2740 1008 2801 debetur
1018 2743 1185 2814 Turnebo‚
1209 2761 1284 2808 aute

215 2847 290 2891 eum
318 2824 664 2910 legeliatur'obiectas,
688 2825 729 2885 ab
750 2826 882 2903 allego.
902 2824 990 2886 vnde
1013 2830 1136 2910 equites
1163 2830 1285 2892 obiecti

213 2915 279 2977 λε.
302 2913 438 2982 delecti,
472 2909 604 2981 eximii3
641 2910 698 2970 alii
723 2911 851 2970 malunt
875 2933 891 2972 a
919 2911 960 2971 ab
983 2927 1015 2973 et
1032 2913 1137 2984 lario,
1169 2930 1205 2975 vt
1228 2914 1283 2978 ab·

213 2998 330 3059 lectum
352 2998 403 3068 fit,
433 2993 524 3080 quod
550 3006 654 3055 emtor
669 2995 836 3065 elicuerit,
858 2995 1043 3057 eblanditus
1071 2999 1105 3058 lit
1122 3030 1165 3045 --
1192 3022 1218 3062 t.
1237 3004 1282 3063 in·

200 3076 323 3175 ‘fanum
340 3082 424 3144 bono
438 3080 531 3142 valde
545 3081 641 3150 bona,
653 3093 690 3140 vt
701 3081 818 3141 Bacch.
829 3102 858 3157 4.
873 3104 898 3147 t.
913 3103 937 3142 t.
961 3076 1106 3174 insanam
1123 3105 1282 3167 ntegrum

211 3166 268 3229 l'eu
291 3168 422 3251 potius:
449 3169 494 3228 ita
518 3166 620 3236 bona,
648 3181 684 3227 vt
707 3165 844 3230 modum
871 3179 979 3247 tamen
1007 3168 1158 3230 videatur
1192 3188 1283 3235 exce·

121 3312 126 3321 ,
213 3253 288 3314 dere
311 3285 354 3299 -
384 3272 414 3328 9.
433 3253 633 3313 mercimonii
646 3251 749 3329 lepidi
768 3270 923 3334 perquam
946 3248 1095 3337 'lepidum
1114 3256 1184 3315 hocv
1197 3277 1282 3319 mer·

129 3356 136 3363 ’
212 3338 393 3400 timonium
412 3334 464 3397 est.
510 3335 630 3397 Graeco
652 3354 745 3397 more
763 3339 882 3417 politus
910 3339 965 3398 hic
982 3340 1148 3421 genuinus
1170 3334 1225 3411 est}
1246 3357 1283 3404 vt
1316 3366 1318 3374 ·

211 3416 235 3487 ὦ
257 3422 324 3501 ζεῦ,
345 3422 399 3504 τῆς
417 3417 508 3491 rirnt!
533 3435 594 3482 etc.
617 3452 660 3469 ·-
686 3443 733 3482 ιι.
752 3418 1038 3511 nutuquomfinom
1051 3423 1282 3501 dissuaderem.

211 3522 372 3595 quantum
385 3501 507 3590 poffem
523 3538 565 3550 —
594 3526 639 3580 ¹4·
650 3499 772 3596 subegi
794 3506 899 3571 filiunt
920 3520 1024 3579 tuum,
1044 3511 1189 3573 inuitum
1210 3531 1280 3598 per·

211 3594 306 3657 moui
325 3626 367 3641 -
407 3612 451 3661 ις.
475 3608 596 3650 onmem
621 3604 724 3651 ratem
748 3613 818 3653 rem
838 3592 1032 3657 familiarem
1046 3628 1089 3642 —-
1128 3601 1172 3658 16.
1190 3612 1278 3662 octo·

174 3662 184 3681 '
211 3681 306 3760 ginta
315 3674 432 3741 Emiffe
448 3674 818 3738 lemurPhilolachetem
833 3679 969 3743 domum
984 3679 1107 3742 dixerat
1127 3704 1152 3748 t.
1169 3703 1194 3744 n
1209 3705 1277 3755 ιη.

213 3764 342 3825 talentis
365 3763 511 3831 duobus,
547 3759 755 3844 quadraginta
783 3780 890 3825 autem
915 3768 1020 3826 minat
1046 3786 1063 3826 a
1089 3766 1209 3830 danista
1230 3767 1278 3830 fe·

211 3867 289 3909 uere
313 3847 431 3908 sumtet
459 3846 630 3923 arrhaboni
652 3844 787 3908 dedisse:
823 3847 1013 3913 soluendum
1046 3854 1147 3936 igitur
1172 3853 1278 3916 adhuc

210 3948 279 3995 erat
301 3935 460 3995 talentum
489 3952 592 3993 vnum
618 3949 695 3991 cum
720 3933 841 4015 viginti
862 3937 961 3997 minis
985 3968 1028 3983 —-
1068 3958 1115 4015 ¹9·
1139 3940 1280 4023 nequid

211 4014 361 4101 captioni
376 4011 512 4106 mihistt
527 4035 569 4079 ne
589 4016 697 4101 decipi
712 4017 767 4080 abs
785 4034 816 4080 te
830 4017 947 4105 poffim
960 4052 1003 4071 -··
1029 4042 1077 4102 ²t·
1086 4014 1274 4118 sotsapio,
