2817 4675
490 77 501 107 ἱ

417 310 615 407 icrvell.
652 290 896 386 sentilli-
1044 376 1046 379 .
1117 334 1189 405 279
1240 344 1245 361 ¹

113 512 249 559 omnem
264 486 410 554 mentenl
424 500 515 554 tham
527 488 686 575 obctrpat)
713 495 834 557 OnAn.
850 497 1020 574 0pinoru-
1032 488 1084 571 4⁵0,
1099 520 1187 561 man·
1241 465 1249 503 l

113 584 207 643 daris
234 580 328 641 rebus
350 579 518 658 praeuerti
539 578 722 662 nolo'qnee
751 580 902 642 mandata
930 582 1015 642 mihi
1045 583 1084 646 ab
1112 576 1185 645 aliie

110 664 198 736 [unt.
224 663 442 749 persequendo
463 665 527 723 fine
551 665 726 725 vilamorer
748 678 840 748 puto.
874 666 968 750 Capt.
988 690 1015 730 2.
1033 689 1062 742 3.
1078 688 1128 745 99.
1154 672 1184 732 ei

112 754 167 812 rei
182 753 326 835 primum
348 750 517 837 praeuerti
545 750 622 811 volo
637 781 680 794 --
708 748 840 812 averlu
857 772 898 825 44
922 751 963 811 ad
987 773 1024 826 ςο
1044 768 1184 838 vterque

109 836 259 921 loquitur
280 834 398 895 secum.
441 837 584 916 Vterque
605 833 776 916 intelligit,
801 836 893 899 alteri
917 856 1063 899 amorem
1088 838 1183 901 sunm

109 922 261 982 nondum
282 920 453 982 suboluille
470 955 512 967 -
538 934 585 987 5'2·
594 911 771 1009 sciscitare
791 922 933 982 vlitatinl
951 916 1181 1014 sciscitari-
1209 960 1211 964 Α

72 1056 77 1072 ,
99 1006 163 1083 ’ςς.
180 1000 297 1097 nausea
319 1008 460 1088 nugario
487 1004 621 1069 mor-bne
644 1002 847 1065 insuetorum
866 1008 1044 1092 nauigandi
1062 1042 1107 1057 --
1130 1031 1179 1085 57.

107 1112 174 1153 non
197 1093 287 1151 mala
303 1092 396 1152 valde
414 1092 524 1173 pulcra
544 1122 585 1139 -
616 1091 666 1160 64.
683 1092 930 1154 circumlocutio
949 1113 1081 1179 coquae.
1097 1118 1183 1178 quae

83 1172 228 1258 *lrabeat
243 1191 367 1238 coctum
383 1177 486 1236 eibum
511 1195 593 1257 quae
608 1177 720 1237 cibum
741 1193 861 1258 coquet
879 1212 920 1222 -
945 1199 994 1249 7³.
1012 1181 1180 1242 oboenient
1252 1195 1261 1241 .·

52 1262 75 1285 ’“
108 1260 225 1359 ostium
245 1262 313 1322 vid.
332 1277 399 1321 not.
423 1262 463 1321 ad
478 1259 575 1322 Cure.
594 1282 617 1321 r.
636 1283 662 1320 ι.
681 1282 730 1332 57.
752 1296 796 1307 -
824 1282 874 1337 74.
894 1263 1084 1343 inpleantur
1102 1287 1179 1328 cum
1208 1284 1211 1291 ¹
1251 1303 1256 1321 .

132 1350 259 1408 enitino
288 1348 472 1421 elno-iniunt.
527 1346 583 1406 sic
615 1345 685 1427 Aul.
708 1349 782 1417 3.6.
812 1367 856 1418 ις.
895 1367 1010 1407 omnes
1043 1354 1179 1433 angulos
1220 1367 1227 1395 s

91 1367 221 1520 'lurum
242 1429 415 1519 inplenisti.
453 1430 544 1491 Men.
566 1452 592 1504 ς.
614 1451 639 1499 ς.
658 1452 685 1505 3.
712 1451 767 1491 me
791 1434 966 1511 compleuit
982 1428 1120 1518 flagitii
1146 1451 1179 1498 et

90 1509 299 1605 formidinis
317 1510 378 1578 etc.
397 1549 440 1563 -
468 1516 656 1593 inpleantur
681 1539 770 1576 meae
781 1507 883 1605 fores
904 1519 1084 1595 elogiorum
1108 1543 1178 1580 car·

107 1603 248 1664 boribus
267 1622 348 1683 qnae
370 1603 474 1684 elogia
492 1602 687 1662 carbonibus
708 1600 825 1684 scripta
847 1603 917 1674 sint,
939 1601 993 1664 sen
1005 1591 1020 1664 τ’
1036 1606 1076 1665 ab
1093 1625 1177 1667 ama·

108 1691 234 1750 toribus
257 1690 402 1753 ancillae,
428 1688 487 1768 qui
506 1684 622 1747 ostinm
644 1686 910 1761 obcentanerint,
941 1708 1010 1749 non
1028 1693 1177 1772 receptio,

107 1772 302 1835 inscribatur
329 1772 467 1833 foribni
481 1790 610 1835 carmen
631 1773 765 1855 aliquod
783 1807 828 1820 —
841 1794 896 1856 ι79.
913 1778 1008 1837 matri
1027 1777 1180 1836 ancillam

106 1878 214 1921 emam
233 1881 297 1920 non
312 1860 431 1920 molam
449 1859 544 1920 nobie
568 1859 681 1918 vtilem
695 1850 814 1946 forma
831 1861 920 1920 mala
942 1858 995 1918 led
1016 1880 1087 1922 eam
1110 1881 1179 1923 non

105 1942 281 2007 formosam
300 1980 343 1991 -—
364 1954 413 2019 84.
438 1943 605 2005 redhibere
625 1943 882 2013 redhibitnrnm‚
903 1961 1104 2008 renumerata
1124 1967 1179 2030 pe·

107 2035 202 2092 cunia
222 2045 485 2113 recepturum-
520 2034 570 2099 87.
586 2047 647 2110 pro
668 2025 780 2115 efferri
798 2046 885 2090 recte
908 2032 1025 2113 opinor
1047 2030 1201 2095 Pistorit'
1240 2040 1246 2057 '

106 2109 239 2204 adferri
261 2149 304 2161 —
337 2135 387 2191 90.
410 2133 468 2195 pro
499 2112 591 2172 illam
616 2113 782 2174 Boxhorn.
802 2117 929 2175 mauult
959 2117 1112 2176 ancillam
1133 2147 1179 2190 5·-
1237 2166 1243 2170 .

107 2219 159 2279 95;
182 2199 251 2283 poll
271 2211 308 2258 at
326 2219 384 2281 ego
401 2199 474 2279 plue
499 2197 702 2257 licitatnrnm
717 2198 903 2280 interpellat
920 2196 1004 2259 filius
1019 2204 1097 2281 quin
1118 2222 1178 2281 ego
1229 2234 1231 2251 ι

107 2298 142 2346 te
163 2303 232 2346 eron
257 2286 355 2344 linem
378 2280 538 2345 licitantlo
558 2284 690 2344 vincere
705 2317 749 2329 —-
776 2303 826 2358 9·.
847 2304 910 2365 quo
931 2283 1062 2372 vertisti
1088 2305 1204 2350 auerv

108 2383 191 2432 terat
215 2369 246 2432 le
260 2369 444 2450 Demiphot
468 2367 553 2450 quasi
578 2369 789 2432 nutumieios
810 2366 1055 2442 obseruatum,
1081 2373 1177 2433 enim

107 2458 244 2517 nomine
264 2454 295 2516 le
314 2456 435 2517 licitari
459 2453 679 2514 mentiebatur
696 2487 737 2499 -—
760 2473 810 2530 99.
832 2456 865 2513 in
886 2456 1003 2516 elicent
1021 2455 1090 2516 vid.
1106 2455 1176 2518 C'al'.

110 2561 182 2616 ις.
202 2564 248 2617 30.
272 2576 315 2587 —-
348 2560 414 2600 rot.
435 2540 612 2599 commodis
631 2538 702 2600 iulti
721 2539 884 2621 ponderis.
914 2541 1086 2614 isso-m.
1109 2563 1175 2616 ¹35·
1269 2571 1271 2578 ⁴

105 2626 227 2711 viginti
247 2627 370 2709 argenti
398 2625 585 2685 commodas
604 2625 720 2684 retinas.
753 2624 838 2685 itud.
857 2646 883 2696 5.
903 2646 929 2684 ι.
947 2647 995 2697 3¹·
1017 2627 1177 2687 talentum
1234 2685 1238 2696 ,

105 2715 233 2796 argenti
258 2711 517 2773 commodum-
553 2729 619 2768 102.
642 2710 859 2792 nequidquam
876 2703 986 2800 poscit
1028 2713 1077 2772 lue
1105 2713 1177 2773 licis
1356 2785 1360 2790 .

49 2836 50 2844 κ
104 2793 589 2868 τεηάο,ιηεωῐησοηῑοηάἰῑ-,
617 2796 936 2878 103'.quiuqnngiuta
951 2734 1175 2888 pellamini·
1224 2821 1229 2828 ⁸
1274 2847 1278 2856 ¹.
1347 2823 1374 2872 ιΓ

99 2877 165 2942 ‘libi
188 2885 255 2942 emi
273 2917 316 2928 —
338 2880 422 2941 non!
448 2876 645 2941 stomachose
663 2883 911 2961 pronuntiatum
936 2879 996 2940 est:
1033 2902 1098 2940 uon
1119 2900 1175 2944 me

107 2969 219 3029 vincet
237 2961 423 3028 licitandol·
439 2975 563 3025 carnem
579 2965 681 3023 clatra
700 2966 720 3022 fi
745 2966 796 3023 vel
820 2979 953 3026 centnm
972 2967 1072 3024 minis
1093 2966 1175 3027 velit

108 3045 191 3113 emi!
211 3085 252 3098 --
276 3071 342 3123 ¹04·
365 3070 431 3124 ¹05·
453 3052 519 3110 106.
535 3067 603 3108 non
619 3051 690 3110 vult
708 3048 811 3109 filium
826 3069 922 3133 porro
935 3045 1101 3110 'aduersari
1117 3051 1175 3110 fibi
1235 3063 1253 3087 ‘¹

106 3139 202 3228 patri,
223 3150 256 3197 et
275 3133 332 3195 luo
355 3134 447 3196 simul
465 3135 562 3218 ipsius
580 3134 815 3194 commodo-
841 3154 906 3204 ¹07·
929 3130 1069 3226 efflictim
1083 3138 1173 3214 perit

109 3225 177 3284 eius
202 3241 312 3283 amore
326 3218 396 3281 cai.
413 3219 499 3281 Prol.
516 3238 565 3297 49.
587 3215 728 3311 efflictim
745 3219 957 3279 vehementer
975 3219 1170 3301 amat'puel·
1268 3243 1269 3248 ¹

108 3310 233 3370 tam-
264 3303 398 3390 rtrqu.
419 3302 572 3388 elingere
591 3307 662 3365 unilt
684 3303 771 3368 lilius
797 3323 854 3374 eo,
885 3304 974 3388 quod
995 3326 1063 3365 eam
1083 3328 1171 3367 man·

109 3396 205 3474 cupio
230 3393 302 3454 non
315 3392 484 3470 adceperit
507 3389 595 3472 qnod
620 3389 676 3473 ipfi
697 3381 919 3473 non'propria
945 3390 1075 3454 detulit
1099 3389 1171 3460 ioli,

108 3478 162 3541 lod
189 3478 278 3562 quod
300 3498 332 3536 v.
350 3497 407 3546 1¹4
427 3489 460 3535 et
486 3496 495 3536 1
505 3481 552 3550 μδ.
583 3474 643 3534 illa
669 3476 845 3538 communis
857 3471 926 3562 filii
939 3471 991 3562 fit
1011 3496 1080 3536 cum
1101 3475 1169 3535 alio
1259 3465 1262 3490 '

107 3565 273 3649 quopiam,
297 3562 353 3645 qui
379 3581 431 3634 ¹15
452 3576 484 3621 et
506 3580 562 3619 120
578 3561 691 3620 venire
709 3583 749 3620 ne
761 3582 829 3621 eam
845 3562 929 3621 velit
946 3583 989 3619 on
1008 3579 1069 3620 non
1086 3560 1171 3621 velit
1231 3623 1233 3636 ,

109 3655 269 3713 incertum
288 3647 334 3717 lit,
357 3657 393 3706 et
414 3652 480 3707 ηδ.
524 3646 558 3705 oi
572 3667 655 3705 iruna
677 3667 742 3706 non
756 3643 860 3730 adsit,
882 3647 936 3705 cui
952 3660 1074 3713 tamen,
1101 3664 1168 3719 ¹¹7·
1225 3723 1227 3728 ⁴

110 3757 174 3797 rem
184 3729 282 3826 suam
301 3735 334 3792 in
354 3751 452 3791 manu
469 3666 530 3817 ff
548 3743 586 3790 vt
605 3730 748 3791 vendere
769 3750 840 3791 eam
866 3744 921 3792 aut
943 3748 1012 3790 non
1027 3728 1171 3792 vendere

108 3818 219 3903 pellit,
249 3833 390 3901 aequum
414 3816 458 3876 fit.
503 3816 577 3876 Hoc
606 3835 684 3877 vero
712 3831 802 3898 pater
828 3813 964 3894 relntat:
1001 3828 1169 3875 tutamen

108 3927 141 3966 v.
155 3923 190 3978 91
207 3902 273 3988 [qq.
299 3901 415 3965 iuueni
436 3900 533 3962 alicui
558 3918 666 3961 emere
687 3920 758 3960 eam
783 3897 930 3969 voluisti,
951 3913 985 3958 et
1011 3898 1168 3961 licitando

108 4008 239 4050 mecum
264 3985 474 4056 contendisti,
498 4002 601 4067 eoque
621 3984 805 4065 prodidisti,
835 3985 984 4045 venalem
1005 4003 1077 4043 eam
1097 3983 1169 4055 elle*

110 4091 251 4159 eumque
273 4075 385 4146 alium,
406 4073 463 4157 qni
483 4070 667 4166 cornmnnle
689 4085 800 4134 tecum
827 4068 981 4136 domnus
1005 4070 1052 4142 fit,
1069 4069 1171 4143 vendi
