2817 4675
240 307 331 378 aio>
421 287 423 296 ’
565 287 997 404 ’2222202222222222

228 489 418 562 »bubulcum
435 486 549 560 else-
572 506 619 559 5²·
640 483 989 574 carnificumcrihrum-
998 500 1044 557 tu,
1061 490 1157 552 cuiun
1177 501 1316 570 tergum

240 599 257 638 a
276 573 425 638 carnifice
447 575 491 635 ita
511 574 750 654 compungetur
769 561 916 641 stimulis,
940 588 976 634 vt
995 573 1145 633 videatur
1167 572 1230 634 esse
1248 576 1314 635 cri·

239 664 336 724 hrum
353 694 396 707 --
420 680 468 734 53.
483 656 703 738 patibulatum
716 658 899 738 patibulum
909 655 969 720 seu
989 656 1113 719 furcam
1134 657 1308 721 ferentem.

240 745 309 808 Cas.
323 747 390 806 2.6.
399 765 450 819 37.
467 774 509 790 -—
540 761 587 814 57.
610 743 795 821 compendii
810 734 880 831 fac
901 743 969 805 vid.
987 744 1105 806 Bacch.
1123 764 1151 805 2.
1167 766 1196 805 2.
1212 745 1246 805 6.
1265 778 1306 790 -

181 869 186 874 -
243 825 424 910 5942222202
443 829 556 896 viciae,
581 825 797 906 pabulum-7·
828 831 878 888 60.
901 830 978 888 date
1001 851 1058 894 aas
1086 828 1175 898 unde
1192 843 1317 900 emam·

238 910 407 999 pabulum,
412 909 447 1000 fi
460 933 526 973 non
544 903 743 1000 estis'daturi
761 909 866 996 ipsum
881 947 924 960 -·
945 918 995 976 62.
1003 908 1161 1005 saginam
1180 911 1313 975 caedite

237 995 376 1062 mactate
396 1000 509 1067 boner,
538 1015 617 1057 oues
639 997 675 1055 in
702 994 844 1082 saginam
872 999 969 1061 datas.
990 1035 1033 1047 -
1062 1001 1145 1061 Alii:
1168 998 1313 1081 dapibus

239 1084 432 1168 sagiuamini
448 1116 490 1130 --
521 1086 570 1153 67.
593 1095 640 1151 222,
660 1082 719 1164 qui
738 1104 791 1145 me
812 1082 1000 1146 furciferum
1019 1093 1127 1157 220222,
1148 1103 1225 1145 mox
1240 1081 1311 1144 sur·

240 1170 321 1232 ciser
338 1172 401 1230 eris
415 1188 450 1228 re
468 1164 591 1251 ipsa-
613 1170 664 1228 68.
681 1168 757 1227 cium
775 1171 900 1230 interea
912 1166 1026 1257 src'fit
1041 1183 1077 1229 vt
1094 1173 1180 1232 lente
1194 1173 1312 1251 opipa-

237 1256 465 1340 reque·viuam
475 1287 518 1299 -
540 1250 621 1339 ssim
638 1248 782 1314 actutum
782 1249 860 1340 fluo
876 1274 943 1314 uon
957 1275 1048 1324 curo,
1063 1255 1144 1337 quid
1156 1252 1309 1315 futurum

239 1340 275 1401 fir
298 1376 341 1387 -
372 1345 423 1416 69.
440 1339 615 1421 Sophoclea
632 1351 738 1411 vocatv
749 1340 879 1415 βλάβας
899 1341 1041 1409 nolanae
1059 1340 1197 1411 molesta,
1220 1347 1322 1422 qua‘e'

198 1445 206 1455 ’
238 1427 377 1512 pedibus
395 1437 477 1484 eunt
496 1423 711 1483 celeribus-
735 1443 752 1495 7
758 1444 785 1495 3.
792 1416 898 1513 satirr'
914 1425 1005 1501 abiit.
1039 1425 1093 1486 Sic
1104 1426 1175 1498 Mil.
1190 1447 1216 1485 2.
1231 1427 1260 1485 6.
1279 1446 1307 1485 2.

165 1560 167 1565 .
229 1506 334 1604 satin
351 1510 434 1571 abiit
456 1507 522 1579 ille,
546 1530 647 1591 neque
670 1508 771 1567 herile
792 1513 957 1588 negotium
974 1508 1054 1590 plus
1077 1522 1183 1580 curat,
1206 1531 1309 1592 qnam

224 1594 347 1688 finon
368 1588 527 1681 seruitute
544 1585 686 1682 sentiat.
729 1593 878 1676 Vtroque·
901 1588 1093 1695 locustum
1117 1596 1310 1657 admirantis

112 1753 117 1766 Ι
191 1720 193 1724 ν
236 1680 297 1753 est,
322 1694 446 1744 tantam
472 1678 569 1739 inelle
590 1680 682 1739 alteri
704 1673 804 1744 officii
826 1676 876 1738 sui
898 1680 1070 1742 incurram.

444 1846 499 1912 ru
535 1845 699 1911 rcrvs
734 1847 763 1912 2.
804 1847 1016 1911 scrutur
1049 1852 1096 1913 11.

208 1960 247 1994 ,π
293 1954 317 1998 ,r
338 1931 378 1995 ad
398 1955 444 2006 27.
466 1935 645 1995 Hominem
657 1947 775 1997 'recens
790 1948 905 1996 natum
920 1955 1080 2007 nouarum
1099 1935 1231 1995 aedium
1246 1934 1309 1995 esse

105 2011 109 2019 ’
175 2083 181 2095 ,
239 2020 385 2090 limilem,
409 2019 526 2105 etipse
548 2019 604 2080 libi
626 2019 788 2103 persuasit,
813 2034 846 2081 et
864 2022 934 2081 aliia
948 2018 980 2081 sc
1000 2018 1224 2104 persuasurum
1245 2020 1310 2079 elle

238 2104 386 2169 conlidit.
407 2137 451 2170 2-
486 2127 510 2167 1.
534 2108 741 2204 Recorriatns
767 2109 802 2166 in
829 2100 1062 2189 cogitationem
1089 2104 1174 2168 forte
1202 2105 1310 2165 incidi

228 2192 373 2254 *mittum
390 2204 422 2252 et
435 2193 652 2270 diusccgitaur
667 2192 724 2253 diu
739 2192 946 2275 multumque
967 2211 1098 2253 mecum
1112 2204 1266 2275 reputans
1280 2226 1314 2237 -·

239 2297 267 2353 3.
277 2274 311 2363 [ι
332 2274 376 2366 est
394 2279 483 2359 quod
503 2278 581 2337 2222122
601 2298 658 2337 cor
680 2293 842 2360 quantum
860 2275 1040 2361 perspicere
1053 2279 1190 2352 ,animus
1211 2294 1309 2336 meus

207 2376 211 2403 .·
236 2360 348 2449 potest.
379 2360 462 2423 Pers.
482 2382 511 2438 4.
528 2380 625 2436 4.72.
656 2363 832 2423 1202222202
856 2365 1050 2445 explicatur:
1086 2362 1185 2432 dicit,
1217 2356 1308 2443 quod

238 2450 325 2528 opus'
350 2443 392 2505 est
413 2477 456 2522 -χ-
482 2446 544 2505 ’22.
567 2466 647 2505 vero
676 2450 806 2508 vincam
834 2451 928 2509 certis
959 2450 1160 2532 argumentis
1197 2449 1309 2528 palam

235 2529 352 2591 faciam
373 2563 416 2575 -
450 2550 498 2600 27.
516 2530 673 2609 gnaruris
702 2553 768 2592 rem
791 2551 910 2616 gnarus
932 2535 981 2593 rei
1002 2566 1046 2579 —
1071 2541 1118 2595 18.
1139 2553 1236 2616 quum
1251 2554 1308 2592 ex·

237 2615 360 2701 templa
381 2614 527 2685 imulare,
547 2617 710 2698 extempio
738 2632 853 2699 quam,
873 2632 909 2679 vt
927 2616 1010 2679 rlsm.
1024 2620 1050 2678 2.
1065 2641 1095 2693 4.
1111 2623 1160 2692 3⁶·
1184 2617 1307 2695 Bacch.

240 2721 268 2762 2.
287 2722 314 2773 3.
333 2716 386 2775 7ο.
416 2700 518 2759 Mero.
539 2721 564 2759 2.
584 2721 611 2760 2.
632 2723 678 2774 24.
715 2701 847 2777 Rudra.¹
866 2725 960 2776 3.40.
989 2704 1083 2764 Τ2222.
1100 2724 1127 2764 2.
1146 2725 1172 2762 2.
1193 2704 1240 2763 26.
1264 2736 1309 2751 -··

201 2824 204 2831 ›
239 2806 289 2871 ¹19.
313 2774 496 2874 exarnuffim
510 2782 664 2867 perfecte.
687 2786 806 2870 Amph.
825 2811 851 2848 2.
868 2811 894 2850 2.
913 2809 944 2847 22
954 2812 980 2859 3·
1004 2787 1189 2849 Mcn.Prol.
1202 2807 1249 2861 50.
1263 2820 1309 2836 -·

135 2906 137 2915 =
241 2866 528 2955 inceperimus,
559 2873 690 2954 antique
716 2894 776 2955 pro
799 2884 881 2944 22022,
915 2888 950 2932 vt
978 2894 1009 2941 2.
1031 2894 1077 2951 29.
1105 2872 1217 2932 nevult
1245 2891 1307 2956 pro

238 2956 378 3017 nonvult
392 2989 435 3002 --
458 2977 508 3030 30.
524 2956 704 3035 perpiciant
722 2961 822 3037 tigna¹
837 2959 1060 3040 perpluuutur.
1092 2957 1146 3019 Sic
1163 2958 1306 3038 Quintil.

239 3048 343 3122 qu'um
356 3043 570 3115 coenaculum
586 3043 778 3125 perplueret.
805 3041 929 3105 Festus:
948 3058 1057 3126 patera
1068 3043 1218 3125 perpluit,
1228 3061 1308 3124 pro:

195 3152 206 3160 2
237 3124 364 3208 pertusa
386 3124 438 3187 est.
471 3125 539 3186 vid.
559 3126 649 3186 Triu.
668 3150 694 3185 2.
712 3150 739 3186 2.
758 3140 809 3205 42.
832 3159 875 3174 --
909 3150 957 3201 35.
977 3140 1126 3189 mantare
1147 3129 1168 3188 2.
1183 3146 1213 3209 q.
1239 3149 1307 3190 ma·

238 3226 326 3277 uere,
336 3210 519 3292 exspectare
532 3243 575 3257 α·-
595 3232 634 3285 40
650 3210 691 3271 ad
706 3234 755 3285 47.
772 3229 919 3295 parentes
934 3215 1054 3284 liberis,
1068 3233 1165 3296 quam
1181 3215 1309 3295 optima

237 3288 377 3380 possunt,
408 3292 573 3366 consulere
593 3310 764 3367 conantur,
786 3314 823 3358 vt
846 3300 881 3361 srt
901 3318 1004 3360 mene
1018 3299 1090 3359 sana
1117 3299 1152 3357 in
1171 3317 1309 3381 corpore

96 3438 110 3455 ,
136 3448 139 3461 v
240 3380 378 3441 sario-
409 3400 459 3448 42.
489 3375 683 3469 inspeciem
712 3383 835 3462 populo
861 3385 1039 3466 explicatur
1064 3403 1159 3461 m47.
1185 3395 1225 3442 vt
1247 3386 1310 3445 aiii

206 3486 208 3491 ¹
237 3459 458 3552 pareuteesrhi
470 3459 530 3553 effe
542 3465 669 3527 illorum
682 3468 869 3539 liberorum,
881 3469 953 3532 22202
981 3469 1084 3530 rutiles
1097 3473 1310 3548 expetant·—

240 3573 294 3628 42.
308 3547 377 3636 sibi
399 3547 589 3611 curae'suae
610 3556 765 3612 materiae
796 3551 919 3614 summi
944 3577 984 3615 ne
1011 3574 1080 3615 uon
1107 3569 1308 3637 parcunt-

241 3643 299 3715 48:
316 3633 361 3695 ad
385 3634 543 3714 legionem
571 3640 768 3708 exercitum,
797 3638 833 3697 iu
858 3638 982 3701 bellum
1006 3642 1135 3701 danunt
1161 3636 1239 3699 dant
1261 3640 1315 3701 its.

135 3728 137 3739 '
241 3719 471 3781 adminiculum
496 3716 676 3793 custodem,
705 3721 890 3796 satellitem,
919 3745 1023 3786 vnum
1050 3746 1067 3784 e
1097 3724 1244 3807 cognatia
1261 3758 1309 3773 ·-

154 3830 160 3847 ¹
245 3798 281 3878 51'
286 3848 294 3865 .
312 3827 411 3866 vnum
424 3805 662 3865 vetamentum
682 3806 727 3894 ss
733 3806 938 3898 stipendium
953 3811 1010 3871 vbi
1029 3826 1158 3893 tempus
1180 3812 1310 3893 primae

240 3891 377 3951 militiae
391 3887 521 3951 finitum
536 3888 587 3950 est.
611 3888 651 3951 cs.
667 3889 735 3952 cas.
749 3915 775 3954 2.
790 3911 821 3954 2.
836 3915 886 3969 40.
900 3927 943 3942 --
965 3897 1068 3975 igitur
1082 3906 1151 3954 tum
1171 3894 1310 3958 tandem

241 3973 369 4036 custode
390 3991 516 4061 remuto
538 4007 581 4021 -—
618 3982 666 4050 58.
690 3975 862 4066 prstquam
891 3983 1065 4061 inmigruui
1085 3981 1119 4039 iu
1145 3981 1312 4059 ingenium
1347 3986 1353 3993 '

241 4081 340 4137 rurum
361 4061 436 4122 Ter.
452 4058 551 4123 Andr.
570 4081 596 4125 2.
614 4081 640 4125 ι.
660 4082 673 4124 2
679 4077 707 4140 5.
733 4062 1060 4150 postquam-liberius
1086 4063 1223 4128 uiuendi
1241 4063 1311 4130 suit
