2817 4675
156 388 162 403 ,
254 323 326 395 ³54
433 304 439 317 '
516 326 527 349 ¹
676 302 899 377 intrasti
972 358 982 365 .

256 509 340 571 quae
356 480 508 578 adsolent
524 483 628 555 florea,
650 486 797 552 corollas,
820 502 998 569 vnguenta,
1022 507 1152 571 panem,
1175 487 1328 572 opsonia,

256 574 385 644 vinum,
410 573 489 634 talos
510 586 572 633 etc.
591 605 634 618 --
656 579 685 651 8¹.
707 573 837 654 Legunt
857 572 993 653 quidam
1004 575 1158 655 equolam
1173 576 1326 647 calidam,

168 688 173 719 :
256 655 420 742 frigidam,
438 675 521 741 quae
535 654 731 718 statuebatur
743 655 897 741 manibus
915 659 1074 730 lauandia,
1096 673 1130 721 et
1144 662 1223 719 vino
1241 663 1327 739 lym·

256 742 400 828 phando.
436 745 486 802 De
500 758 581 824 aqua
597 760 675 803 vero
690 763 723 803 v.
738 761 785 815 17.
799 744 983 822 praebenda
1005 747 1069 804 iam
1086 734 1161 805 aine
1177 746 1327 808 mensam

257 828 443 913 adpositam.
479 825 572 888 Most.
587 848 611 886 r.
623 850 651 900 3.
667 848 733 892 130.
750 827 831 890 cedo
846 849 964 910 aquarn
979 832 1144 903 manibus,
1161 852 1253 912 puer,
1271 832 1328 892 ad·

258 933 346 998 pone
360 917 418 976 hic
432 912 621 973 mensulam.
659 906 805 996 vulgaris
819 913 916 977 lectio
933 915 1043 997 aquila
1061 913 1164 975 faceta
1178 916 1222 978 est
1239 915 1326 978 serui

259 1001 379 1061 comici
392 996 433 1057 ad
444 998 585 1082 aquilam
601 999 776 1060 militarem
791 998 921 1061 adlufio.
952 1002 1134 1084 Tamquam
1152 1004 1328 1085 imperator

259 1085 395 1146 victoria
412 1099 500 1167 parta
519 1081 689 1144 laetificare
704 1085 785 1151 vult,
808 1087 866 1167 qui
882 1085 940 1146 inb
962 1086 1066 1148 ductu·
1080 1086 1137 1147 luo
1154 1109 1227 1147 rem
1242 1084 1327 1148 bene

260 1167 419 1253 gefferint.
468 1169 530 1230 Pro
557 1169 700 1230 lubentes
725 1167 795 1229 ΜΠ.
820 1169 977 1232 ludentes.
1006 1171 1060 1233 led
1081 1173 1227 1233 lubentes
1249 1193 1325 1235 con·

260 1255 346 1316 viuii
362 1254 494 1315 verbum
511 1252 554 1315 ost
570 1256 753 1337 proprium.
796 1253 880 1316 ann.
896 1278 923 1317 ι.
939 1281 964 1319 2.
976 1279 1002 1318 ε.
1028 1256 1071 1318 est
1085 1258 1248 1319 Labaetia
1262 1260 1324 1319 dea

259 1338 448 1411 hilaritatis,
474 1340 621 1414 ,Sticha
639 1362 661 1401 ι.
674 1361 702 1414 3.
727 1339 870 1401 hilaritas
900 1354 933 1401 et
959 1343 1105 1403 lubentia
1134 1346 1320 1425 iunguntur.

261 1425 336 1493 Ter.
358 1424 416 1485 aa.
441 1445 512 1500 ς.4.
530 1432 577 1496 38·
605 1426 744 1486 hilarum
773 1445 811 1486 ac
838 1424 1006 1503 lubentem
1030 1427 1081 1488 fac
1109 1444 1140 1488 te
1174 1431 1262 1511 gnati
1284 1430 1321 1488 in

261 1511 387 1593 nuptiis
410 1542 454 1556 ·—
475 1510 605 1570 dilatos
614 1503 747 1598 faciam
767 1522 809 1569 ot
821 1509 927 1610 fiatri,
951 1534 1028 1596 pro:
1056 1526 1093 1572 vt
1114 1514 1212 1575 hilari
1235 1512 1322 1580 fiant.

177 1594 180 1603 ’
204 1640 216 1661 «,
260 1598 376 1660 Plauto
401 1590 646 1657 vfitatillimum.
692 1597 746 1657 sic
767 1596 863 1676 Eptd.
881 1619 911 1671 4.
933 1619 958 1659 2.
978 1600 1026 1671 36.
1051 1600 1253 1660 exitiabilem
1278 1600 1327 1659 illi

262 1680 380 1754 faciam
396 1683 490 1749 hunc,
508 1693 544 1740 vt
563 1678 628 1750 fiat,
650 1681 734 1743 diem
753 1701 829 1763 pro:
852 1683 1025 1743 exitiabilis
1046 1683 1103 1742 hic
1120 1685 1189 1744 dies
1208 1716 1254 1730 -·
1279 1704 1323 1745 ιο.

264 1767 422 1848 inprobos
444 1778 507 1826 etc.
538 1778 575 1824 vt
597 1785 647 1847 ap.
676 1767 807 1826 Sanco:
846 1767 1004 1829 beneficia
1029 1769 1138 1832 haurit
1161 1767 1333 1851 perforato.

262 1853 384 1922 animo,
407 1862 440 1910 et
460 1851 660 1921 transmittit,
682 1849 843 1934 quidquid
864 1853 987 1935 adtipit
1007 1887 1063 1917 —4
1080 1875 1124 1920 rr.
1147 1875 1225 1934 pro:
1249 1855 1324 1916 cedo

180 1994 183 2001 .
261 1959 385 2017 parem,
414 1954 506 2019 qoem
527 1937 640 1998 Lamb.
660 1934 750 1998 Acid.
774 1936 900 1999 Manut.
923 1938 1115 2021 ponendum
1138 1939 1325 2000 iudicarunt

179 2076 181 2083 .
209 2076 215 2093 ,
260 2036 388 2104 purtem
405 2021 566 2103 pecuniae
582 2043 690 2105 quam,
711 2014 887 2085 Palmerius
911 2040 1020 2087 autern
1040 2023 1194 2085 sambuci
1211 2047 1230 2086 e
1245 2026 1321 2084 libro

203 2136 204 2145 ¹
227 2180 236 2193 ,
259 2112 394 2190 ⁴pdrtam
416 2108 554 2171 amicam
573 2104 716 2192 aliquam
736 2129 843 2190 quom.
891 2109 1038 2169 Priorem
1062 2111 1318 2171 errrendationem

257 2194 377 2279 'putaui
403 2191 661 2276 praeferendam,
693 2192 780 2274 quod
802 2194 939 2255 Toxilus
962 2192 1014 2264 id,
1046 2193 1136 2277 quod
1159 2193 1320 2279 Sagaristio

262 2278 376 2365 poscit,
405 2281 440 2340 in
466 2277 636 2340 crastinum
657 2276 788 2340 videtur
812 2276 957 2353 dili'erre3
988 2277 1077 2364 quod
1106 2301 1176 2356 v.5.
1202 2272 1322 2342 dixerat

261 2385 347 2427 nunc
362 2364 518 2434 diuiditur,
541 2364 612 2447 Sag.
638 2358 831 2442 forianlnon
852 2364 1031 2432 audiuerat,
1054 2381 1108 2426 aut
1123 2367 1159 2428 ri
1178 2389 1264 2427 nunc
1279 2370 1322 2426 in·

262 2446 574 2537 tellexeratflatim.'
606 2449 743 2526 Toxilus
758 2462 866 2510 autem
884 2471 914 2510 v.
931 2454 975 2510 16.
994 2451 1073 2512 dicit
1096 2454 1239 2529 tempori
1258 2454 1280 2512 ἰ.
1297 2472 1323 2512 e.

262 2534 416 2618 adcipiat,
439 2533 528 2617 quod
551 2531 707 2615 pepigisti,
728 2533 818 2592 hunc
843 2549 950 2595 autem
973 2535 1061 2596 diem
1080 2539 1240 2618 agitemus
1261 2537 1325 2596 lua-

261 2639 337 2681 vem
360 2653 403 2665 -
436 2626 481 2679 18.
503 2619 588 2677 lzartc
599 2612 775 2703 florentem
797 2622 950 2680 corollam
971 2656 1013 2666 -
1038 2622 1109 2683 talis
1133 2623 1325 2707 pierumque

259 2704 476 2769 sortiebantur
495 2724 598 2782 regno
616 2704 689 2787 vitri
704 2704 782 2763 Hor.
798 2726 823 2764 t.
840 2704 892 2767 od.
914 2726 944 2782 4.
967 2727 998 2771 v.
1014 2717 1059 2768 18.
1083 2705 1171 2766 idem
1190 2729 1217 2767 z.
1232 2729 1260 2780 7.
1275 2728 1322 2782 ις.

260 2812 353 2939 pacem
385 2790 496 2852 Venus
525 2784 725 2858 ieliciffimus
757 2792 894 2852 talorum
912 2794 1026 2862 ,iactus
1056 2792 1214 2852 arbitrum
1239 2794 1326 2853 dicet

281 2875 401 2947 thetidi,
420 2873 477 2936 seu
493 2871 680 2961 nragisteria
699 2877 733 2934 in
749 2878 1003 2959 compotatione.
1035 2875 1103 2938 Cic.
1122 2876 1185 2937 [en.
1202 2897 1247 2948 ra.
1269 2879 1325 2960 qui

131 2993 136 3004 ν
215 3001 219 3006 -
260 2959 409 3045 magister
438 2958 495 3023 len
530 2961 649 3044 arbiter
681 2960 767 3042 leges
797 2961 932 3022 bibendi
956 2959 1210 3045 praescribebat,
1246 2979 1326 3046 quot

261 3048 378 3132 poeula
393 3046 582 3108 biberentur
605 3064 622 3105 a
645 3064 792 3129 quoque,
823 3054 1049 3131 quantumque
1070 3049 1149 3108 vino
1174 3046 1325 3116 admisce·

270 3146 349 3193 etur
366 3151 478 3216 aquae.
522 3132 672 3191 Everbia
689 3144 798 3192 autem
821 3135 865 3193 clo
884 3135 968 3193 ltatrc
984 3134 1046 3193 tibi·
1063 3132 1215 3214 adparere
1234 3147 1325 3216 puta·

259 3155 322 3288 lut,
345 3229 377 3276 et
392 3220 455 3276 line
470 3214 648 3286 sortitione,
669 3216 733 3278 iola
746 3218 863 3278 corolla
889 3220 1033 3298 inposita,
1056 3217 1229 3307 niagtssros
1251 3217 1327 3279 istos

260 3301 426 3361 interdum
443 3299 502 3361 elle
518 3318 658 3364 creatos:
681 3304 746 3364 boc
763 3305 852 3363 enim
865 3303 1085 3386 magisterium
1099 3303 1236 3365 Toxilus
1250 3305 1327 3364 ami·

210 3383 215 3390 ‘
261 3406 317 3448 cae
336 3385 434 3447 tradit
452 3383 536 3454 luae,
568 3388 772 3448 dictatricem
792 3408 864 3449 eam
886 3388 997 3451 dicens
1018 3422 1061 3434 -
1095 3382 1325 3479 19.asrrmmo

260 3472 413 3538 viduor.
433 3470 473 3532 ad
489 3471 570 3531 Alin.
583 3493 608 3541 ς.
622 3494 708 3546 aar.
731 3473 837 3539 abeo.
862 3476 919 3555 qui
939 3472 1067 3534 summo
1089 3473 1161 3535 loco
1182 3476 1216 3534 in
1239 3475 1324 3536 lecto

259 3559 417 3632 triclinari
444 3556 629 3626 adcumbit‚
654 3577 671 3616 a
694 3557 906 3642 Sagaristione
930 3593 973 3605 -
996 3559 1158 3619 eoranritte
1179 3560 1327 3621 Nonius:

260 3646 434 3706 committit
455 3643 476 3703 i.
493 3660 520 3702 e.
545 3642 662 3724 incipit
678 3678 725 3700 .-
745 3645 805 3708 lios
829 3643 928 3708 ludos
950 3643 1076 3705 adludit
1097 3643 1137 3703 ad
1157 3644 1251 3707 ludos
1269 3646 1328 3707 cir·

260 3731 381 3802 censeo,
411 3731 469 3814 qui
489 3726 643 3788 dicuntur
662 3731 834 3801 committi,
863 3729 993 3814 quando
1018 3728 1176 3791 factiones
1200 3730 1328 3814 quadri·

197 3847 209 3852 ·
259 3837 374 3902 garum
395 3813 607 3875 ecarcerihua
630 3815 826 3877 emittuntur
845 3849 888 3861 -
902 3809 1051 3907 septenis
1070 3808 1151 3874 Geli.
1164 3836 1252 3885 3.ro.
1270 3816 1327 3888 ait,
1347 3825 1365 3868 ¹,

260 3901 416 3964 curricula
433 3899 586 3960 ludorum
603 3900 792 3961 circensium
808 3897 963 3970 solemnia
981 3893 1220 4043 fuilieg'eptem.
1264 3903 1329 3963 ru-

258 3986 371 4049 soniur
399 3984 549 4067 Epitapb.
575 3985 728 4058 heroum
758 3984 859 4068 epigr.
878 4009 926 4061 35.
974 3987 1083 4068 Phoap
1109 4004 1163 4045 ore
1197 3987 1330 4050 clamosi

166 4077 171 4084 ’
258 4069 398 4158 speciosa
419 4089 476 4152 per
500 4087 638 4151 aequora
663 4065 929 4160 Circi'septertas
956 4069 1069 4134 solitus
1096 4071 1204 4130 victor
1235 4072 1329 4142 obire

255 4157 332 4218 vias
354 4189 398 4214 --,
417 4173 474 4231 ιο.
496 4152 574 4228 bene
590 4155 681 4230 nrilti,
709 4155 906 4230 benevolis,
931 4155 1008 4221 bene
1028 4157 1153 4228 andrae
1171 4176 1262 4217 meae
1282 4156 1330 4221 sa·

760 4261 766 4288 i
