2817 4675
301 163 305 174 ι

241 181 382 221 tl.

562 244 796 338 rnotooru·
873 295 880 314 .
1011 263 1021 286 x
1151 259 1207 325 -2

130 421 249 501 mian)
268 417 293 482 i'.
305 421 333 480 e.
354 415 559 500 adponantur
570 449 614 463 -
633 411 684 489 7¹0.
709 413 833 504 artifici
847 385 987 488 scetu‘co,
1004 403 1208 483 histrioni-{⁸-
1308 409 1311 422 '

130 527 189 583 7²·
211 505 395 573 Aedilium,
427 505 484 586 qui
505 501 592 563 ludis
608 517 797 583 praeerant,
828 517 914 573 erat,
947 499 1090 585 paldram
1115 505 1204 579 dare,
1296 535 1299 552 ·

18 619 24 632 =
132 611 237 677 quarn
261 591 287 652 si=
316 592 395 673 quoi
421 588 647 649 alicui¹duint
670 586 829 648 *dederint
863 585 1002 671 indigno
1026 585 1205 686 perfidiose
1284 643 1287 662 ,

132 692 247 740 contra
274 673 438 736 fidem'-
462 694 512 746 73.
528 693 579 747 74.
600 669 673 734 non'
692 674 804 734 minut
830 673 1028 756 peccabant,
1060 680 1205 759 quamsi
1270 681 1290 706 ⁸
1348 742 1352 754 ,

40 771 45 778 “
133 747 230 824 suum
244 761 385 844 ipsorum
400 738 507 820 essenti
516 755 736 841 magistratum
750 757 877 932 ausim
891 756 1011 843 adepti.
1059 762 1206 844 Siremps
1253 782 1257 794 ·

133 861 171 909 et
181 840 339 991 strempffio
363 842 470 906 Festua
492 846 648 928 applicatt
686 844 772 928 quast
813 844 912 905 amisis
939 866 992 905 res
1005 840 1100 936 ipsa.
1143 849 1205 910 Vo-

133 933 286 993 cabulum
337 946 377 992 oc
406 929 495 1012 apud
522 931 689 992 Romanoa
714 930 750 988 in
775 929 901 1014 legibue
928 926 1107 995 scribendis
1136 949 1207 998 arat

131 1017 325 1092 solenne-
345 1023 466 1089 75:782
477 1006 614 1103 sortitor
636 1011 756 1076 fautor.
799 1014 884 1088 Non,
898 1016 962 1076 vlla
985 1009 1115 1088 fraude{
1148 1017 1215 1080 sed

96 1094 98 1104 ’
128 1123 195 1166 vna
214 1102 350 1187 quidem
369 1102 509 1174 virtute,
534 1102 678 1164 cuiutuia
700 1098 901 1163 conditionis
921 1099 1116 1165 hominibua
1134 1104 1206 1168 lau·

127 1188 175 1251 est
195 1184 390 1273 quaerenda,
426 1204 476 1261 79.
492 1206 575 1271 qnae
597 1186 741 1262 merenti
763 1205 830 1245 uon
852 1185 1083 1270 denegabitur,
1113 1191 1205 1260 iuli

127 1275 196 1334 illis
215 1274 295 1334 fidet
311 1271 364 1345 est,
386 1271 561 1361 quibusest
581 1293 633 1332 res
656 1274 692 1333 in
713 1292 813 1336 mauu
834 1274 892 1355 qui
910 1271 1064 1355 potestate
1079 1275 1209 1357 pollent
1257 1327 1258 1334 ,
1317 1281 1320 1292 ’

106 1393 109 1408 ·
150 1362 350 1444 recentiorum
386 1356 682 1441 dispertiendorum
703 1388 746 1401 —·
769 1353 917 1418 histrioni
945 1372 1002 1419 aut
1031 1364 1067 1433 83
1093 1357 1206 1425 fraudo
1246 1411 1250 1420 .

27 1483 37 1494 ·
123 1382 261 1507 iiudem
275 1444 455 1527 adpetenti,
468 1456 524 1504 aut
541 1451 582 1520 84
596 1441 880 1504 excellentioribut
897 1443 1040 1526 maligne
1058 1446 1205 1520 nocenti,
1263 1477 1266 1494 ·

22 1519 28 1540 ¹
124 1543 327 1594 ornamento
348 1526 475 1588 scenica
498 1541 532 1588 et
550 1530 672 1589 corium
687 1523 861 1609 personam
875 1530 1053 1589 coriaceam
1069 1534 1204 1615 conqui·
1301 1551 1307 1568 ¹

123 1617 241 1680 litores
271 1614 457 1675 concidant.
504 1613 732 1682 ..sitientum
761 1634 853 1675 conc.
882 1614 1046 1695 explicant
1073 1628 1205 1700 tergum

123 1703 207 1764 loria
226 1698 411 1762 discindant
423 1734 466 1745 -
488 1701 527 1759 86
537 1733 549 1746 ·
560 1699 610 1774 96.
629 1700 703 1760 lovi
718 1711 826 1760 autern
839 1693 1032 1778 histrionum
1045 1719 1096 1762 rea
1109 1722 1207 1768 curae

44 1839 48 1852 ,
123 1787 200 1859 else,
222 1803 351 1848 nouum
369 1781 506 1852 nonest,
526 1785 585 1868 qui
606 1782 673 1868 ipse
693 1783 886 1863 (interdurn)
905 1782 1108 1846 histrioniam
1126 1785 1206 1853 facit

122 1876 248 1958 (partes
276 1875 313 1932 in
340 1869 448 1932 sabula
477 1867 640 1950 suscipere
665 1888 735 1930 non
760 1869 966 1953 dedignatur)
995 1870 1089 1932 verbi
1111 1871 1207 1938 causa

107 1953 218 2021 'onitu
242 1953 402 2042 sdperiori
425 1956 480 2033 (stc
509 1971 543 2017 et
561 1955 734 2028 Menaech.
755 1976 781 2026 r,
801 1975 832 2028 a,
847 1976 895 2015 ιι.
925 1976 1012 2016 anno
1036 1955 1096 2018 eii:
1128 1975 1206 2022 anto

124 2048 270 2121 anunm)
300 2043 424 2122 lupiter
457 2040 585 2100 nodum
616 2039 744 2104 fabulae
770 2038 939 2120 expediuit
964 2040 1205 2121 inplicatiorem
1279 2073 1283 2088 «

124 2132 233 2209 (Deua
251 2149 292 2189 ex
307 2127 482 2204 machina).
526 2125 664 2206 Carpere
677 2138 795 2186 autem
817 2126 953 2186 Plautur'
967 2137 1100 2209 poetam
1115 2131 1206 2189 vitle-

123 2232 204 2283 aur,
235 2214 294 2297 qui
318 2213 433 2274 lovem
457 2228 527 2270 non
551 2210 605 2270 sua
633 2208 749 2296 sponte
775 2222 808 2271 et
833 2223 969 2294 repente
996 2212 1207 2286 interuenisse

114 2299 279 2373 ,finxerit,
316 2295 371 2358 sed
401 2299 436 2357 iu
466 2293 638 2381 proscenio
671 2297 772 2373 (inter
802 2293 980 2383 agendum)
1010 2298 1206 2363 inuocatum

124 2374 220 2472 prius
242 2398 292 2432 -’
307 2386 341 2443 iu
365 2382 557 2466 Tragoediia
586 2395 696 2443 antem
724 2392 812 2441 certo
833 2382 969 2462 prodit,
999 2384 1021 2444 i.
1036 2403 1064 2445 e.
1092 2387 1206 2449 Iovem

123 2470 261 2558 prodire
279 2471 431 2531 vsrtatum
449 2464 501 2528 est.
544 2466 655 2527 Nostra
675 2482 786 2527 autem
803 2462 911 2528 sabula
929 2485 969 2530 ert
984 2485 1076 2555 parte
1090 2468 1205 2547 saltem

125 2556 313 2639 Tragoedia
333 2553 386 2615 est.
431 2554 476 2615 lo.
491 2538 678 2623 ‘Merrriiuu
704 2570 803 2635 quem
824 2572 891 2614 uou
910 2556 1007 2636 pauci
1029 2557 1094 2637 viri
1115 2554 1206 2618 docti
1256 2612 1257 2616 ,

125 2641 234 2709 secuti
252 2642 337 2721 sunt,
346 2660 448 2723 quum
457 2640 625 2701 Nunnium
640 2638 728 2718 apud
741 2650 866 2723 veteres
881 2653 1096 2700 memoratam
1111 2662 1203 2725 repe·

125 2728 227 2796 risset,
246 2727 461 2794 meretricem,
476 2744 492 2784 a
511 2721 681 2806 splendore
696 2721 834 2783 vestium
845 2715 1050 2813 proscenium
1069 2726 1203 2798 dictam,

125 2814 385 2892 v.90:ornnium
400 2808 553 2885 codicum
566 2809 759 2870 anctoritate
768 2809 927 2891 neglecta,
937 2829 996 2892 pro
1011 2832 1096 2871 anno
1106 2834 1204 2894 quum
1299 2836 1304 2851 ·
1390 2794 1394 2803 ⁸

127 2902 165 2961 iu'
186 2892 357 2990 proscenio
380 2913 503 2976 ponere
519 2894 615 2959 ‘ausus
636 2891 679 2952 est
693 2894 830 2971 Nunnio
852 2894 886 2952 in
906 2885 1089 2983 proscenio.
1102 2930 1146 2944 -

152 2974 157 2985 ’
194 3004 227 3058 v,
242 3004 292 3057 97.
318 2984 412 3046 Haec
433 2978 513 3040 orbs
531 2993 575 3039 et
597 2978 723 3042 iiteboe
740 2979 826 3039 hanc
846 2975 976 3037 scenam
995 2983 1105 3042 animo
1125 3000 1203 3043 con·

129 3068 232 3150 cipite
253 3066 312 3127 eise
330 3066 444 3127 vrbem
461 3064 533 3124 The
558 3084 590 3124 aa
603 3065 681 3124 -in
700 3062 806 3123 illisce
825 3082 906 3145 quae
925 3063 1029 3146 digito
1048 3066 1205 3129 monstrat

94 3160 101 3172 ,
126 3150 265 3219 aedibus
281 3186 324 3201 -
342 3159 393 3230 98.
407 3168 458 3227 99.
482 3143 617 3240 Perseo„
634 3148 721 3210 lovis
745 3166 763 3206 e
783 3149 895 3211 Danae
917 3146 995 3220 filio,
1018 3170 1056 3213 ex
1079 3151 1207 3244 llndro.¹

62 3290 70 3313 ,
127 3239 224 3300 meda
256 3234 317 3295 filii
345 3250 435 3296 erant
463 3235 600 3306 Aloeus,
642 3232 889 3316 Amphitruonis
918 3248 1008 3315 pater
1036 3236 1205 3312 (Herculia

114 3344 221 3403 ¹anua,
241 3322 299 3405 qui
316 3319 393 3381 inde
410 3320 543 3383 Alcides
563 3320 842 3401 cognominatur),
870 3320 1051 3392 Sthenelus,
1073 3321 1203 3412 Mestor

128 3424 164 3469 et
181 3409 373 3490 Electryon,
386 3407 582 3467 Alcumenae
598 3425 635 3465 ex
650 3403 807 3482 Lysidice‚
820 3402 951 3485 Pelopis
967 3402 1043 3476 filia,
1058 3421 1203 3492 pater-

129 3515 201 3559 reo.
221 3515 245 3554 r.
267 3489 415 3552 Mestoria
434 3504 541 3551 autern
562 3488 645 3560 filia,
668 3487 878 3572 Hippothoe,
900 3510 916 3547 a
937 3489 1204 3572 Neptuno'com.
1235 3540 1241 3562 Ι

94 3596 97 3605 s
127 3578 248 3668 Prepa,
268 3570 437 3662 ‘paphiam
458 3577 597 3661 peperit,
621 3570 688 3656 qui,
706 3573 930 3651 Echinadibue
952 3573 1066 3635 insulis
1088 3577 1125 3638 iu
1146 3597 1204 3640 ora

43 3730 47 3751 ,
79 3666 86 3685 ’
128 3665 328 3727 Acarnaniae
350 3664 492 3746 potitur,
527 3662 687 3721 Teleboae
715 3657 790 3721 suos
816 3662 1004 3722 nominatos
1035 3659 1109 3723 silio
1131 3663 1204 3724 reli.
1268 3685 1275 3709 ι

128 3751 203 3834 quit
214 3749 378 3812 ‘Pterelae
405 3746 714 3826 'Amphitruonem
740 3746 783 3807 ob
797 3736 1035 3822 ‘Electryonem
1055 3745 1229 3811 socerum
1277 3751 1283 3757 ”

127 3835 266 3899 fortuito
291 3836 419 3902 clauae,
459 3850 522 3915 qua
544 3833 671 3893 bouem
683 3831 834 3912 xpetebat
865 3831 1085 3903 aberrantem,
1132 3836 1203 3896 ictu

128 3918 331 4007 percplsutu,
370 3917 543 3979 Sthenelus
569 3917 662 4003 Argia
691 3916 834 3998 expulit3
873 3913 927 3975 sed
955 3914 1082 3990 Creon,
1115 3919 1205 3979 The·

127 4008 244 4070 barum
267 4024 350 4078 -rex,
387 3996 558 4090 receptum
590 4001 752 4087 expiauit,
786 4000 948 4083 belloque
977 4018 1090 4095 contra
1110 4003 1205 4067 Tele·
