2817 4675
391 345 402 391 ,
616 309 658 362 ru
702 266 986 415 crarrpcaaraa
1075 312 1083 317 ·
1120 364 1124 378 ,

268 472 352 538 Cod.
373 410 516 555 deniqne
536 470 632 531 Bern.
656 469 808 533 Saraceni
828 470 888 560 affl
912 466 1106 567 displielna,
1135 496 1220 561 qnae
1239 480 1346 545 kalo

166 588 173 597 ·
267 561 407 623 Menrsro
428 561 526 618 vnice
542 554 675 616 adridet.
702 558 831 618 etmihi
851 559 988 639 quidem
1012 561 1093 620 haec
1111 582 1271 644 perquam
1290 587 1349 629 ω.

267 649 354 708 mice
377 641 516 709 conficta
540 660 605 701 vox
627 641 743 703 Plauto
769 641 901 703 ridetur
923 643 1122 728 dignissima:
1149 648 1219 736 nisa
1239 674 1356 713 vnum·

268 724 500 820 displicuiffet',
532 726 616 785 nibil
647 726 733 810 apud
759 741 792 788 te
816 722 898 798 fuit,
928 730 1011 811 quin
1032 734 1183 814 placeret.
1229 737 1346 800 'Cuius

267 819 361 877 vocis
382 814 576 897 elegantiam
595 812 652 892 qui
674 832 744 873 non
762 811 1029 896 adsequebantur,
1052 811 1268 918 disciplinam
1289 836 1340 883 aut

267 896 464 995 discipulam
482 888 672 982 posuerunt,
715 897 951 982 Reponendam
973 916 1089 983 putaui
1108 936 1152 948 -
1180 926 1229 964 21.
1252 900 1342 994 infit·

258 980 382 1080 scebat
405 984 476 1044 vini
500 982 640 1065 generosi
659 983 729 1043 vim
754 983 900 1045 addenda
926 1003 1009 1067 aqna
1032 988 1222 1060 minuebat,
1254 994 1344 1053 colo·

266 1092 337 1132 rem
359 1070 429 1130 vini
451 1086 531 1150 aqua
553 1067 719 1150 perdebat.
771 1068 826 1129 Sic
847 1071 918 1128 Mil.
935 1074 1071 1147 2.6.46.
1100 1066 1272 1161 infuscare
1297 1077 1348 1138 esi

267 1156 414 1226 turbare,
444 1151 578 1239 perdere
606 1187 650 1199 —
689 1174 737 1229 ²⁴·
761 1152 846 1214 dunc
877 1155 1023 1216 ordinem
1052 1162 1278 1225 meretricium
1299 1196 1345 1211 -·

269 1249 319 1304 28.
342 1243 485 1302 iunctam
511 1240 657 1303 rincum
681 1272 725 1284 -
756 1257 804 1316 ²9·
821 1235 875 1327 fl,
902 1242 1025 1303 tametsi
1053 1244 1223 1317 imitemur
1254 1248 1344 1311 inter

266 1322 328 1390 noa
347 1344 457 1388 earum
476 1325 727 1387 coniunctiones
743 1357 786 1369 -
809 1336 857 1396 30.
879 1336 989 1385 tamen
1008 1326 1155 1388 viuimua
1169 1327 1340 1419 cumsum

267 1432 320 1474 ma
332 1412 456 1487 inuidia
470 1426 702 1479 matronarum,
715 1405 846 1492 pessime
862 1428 921 1471 noe
939 1410 1133 1472 oderunt-
1146 1436 1159 1488 3
1170 1435 1195 1474 1.
1208 1419 1339 1490 volunt,

266 1517 328 1560 noa
347 1499 384 1558 in
407 1495 591 1558 clientelam
613 1514 725 1553 earum
748 1512 808 1553 noa
831 1495 1123 1558 commendare-
1151 1522 1202 1571 32·
1222 1499 1338 1589 nostra

266 1585 361 1665 eopia
382 1581 544 1665 explicant
565 1580 638 1639 alii:
661 1576 826 1640 venustate
846 1579 966 1650 nostra,
988 1583 1173 1654 inlecebris,
1197 1587 1336 1662 artibua;

267 1669 472 1732 Gronovius:
502 1684 560 1748 per
584 1684 644 1726 noa
666 1661 759 1746 ipsae.
781 1694 825 1710 ·-
853 1685 867 1737 3
875 1686 902 1736 3.
915 1661 1035 1758 suique
1059 1669 1172 1729 auxilii
1199 1675 1339 1733 omnium

268 1775 374 1819 rerum
397 1756 434 1812 in
453 1749 607 1811 omnibus
627 1751 724 1810 rebus
744 1750 901 1828 indigere.
924 1755 1106 1825 ταυτολογίαι
1129 1757 1243 1841 iuxore
1266 1778 1338 1820 mu.

266 1838 418 1900 lierculae
440 1854 507 1897 non
529 1836 610 1895 mira
631 1832 733 1916 potest
757 1831 925 1893 videri-
949 1856 998 1910 35.
1022 1849 1088 1897 tam
1114 1835 1251 1922 superbe
1277 1863 1337 1906 noe

265 1935 423 1993 tractant,
458 1934 496 1979 vt
523 1914 634 2011 abiiſje
669 1920 710 1981 ab
736 1921 777 1979 ila
805 1919 962 2001 gaudeas,
995 1936 1028 1982 et
1053 1941 1123 1982 non
1146 1925 1206 1984 nisi
1234 1929 1339 1989 irruite

228 2048 233 2059 .
266 2029 319 2072 eae
345 2006 440 2071 adeas
463 2039 506 2052 -
535 2008 583 2079 36.
605 2005 731 2085 palam
745 2004 958 2069 blartdiuntur
987 2006 1084 2068 nobie
1114 2010 1338 2093 praesentibus

222 2160 225 2165 ,
263 2093 419 2164 blandae,
441 2092 524 2152 clam
548 2087 732 2152 absentibus
754 2124 797 2137 -
820 2111 869 2164 37.
889 2112 1007 2173 aquam
1016 2082 1337 2186 frigidamsulfim.

263 2183 347 2245 drtnt
370 2174 542 2240 criminose
567 2174 607 2236 de
626 2177 724 2236 nobis
744 2175 776 2237 lo
799 2190 941 2247 uuntur,
963 2189 1141 2239 amatorum
1167 2184 1339 2245 animosa

261 2268 358 2330 nobie
378 2279 537 2329 conantur
552 2262 745 2331 abstrahere.
762 2196 906 2352 sttbdole
921 2276 954 2325 et
972 2258 1016 2321 ita
1036 2280 1096 2324 noa
1113 2264 1338 2346 decipiunt..

264 2361 315 2429 38.
339 2372 415 2414 curn
441 2350 504 2410 suia
524 2349 602 2407 viris
613 2341 733 2437 solere,
756 2344 972 2419 consuescere,
995 2367 1066 2407 rent
1085 2345 1203 2412 habere
1220 2387 1265 2401 -
1283 2374 1334 2432 39.

253 2433 339 2530 suas
358 2436 550 2516 maritorum
573 2430 706 2493 suorum
722 2463 765 2477 -
793 2443 869 2491 euttt
893 2426 1072 2522 depreffum
1097 2434 1131 2494 id
1151 2455 1271 2519 agunt,
1298 2454 1335 2504 vt

261 2541 323 2584 noa
340 2519 523 2603 deprimant
537 2550 580 2562 -
598 2538 649 2592 4²·
669 2539 711 2576 erc
728 2517 881 2596 patribus
898 2520 1106 2579 conuenticr'is
1125 2539 1201 2581 cunr
1218 2525 1334 2594 mulsia

261 2607 343 2668 virsa
360 2601 622 2672 conuenienter,
658 2599 761 2685 ipsae,
794 2621 812 2660 e
840 2623 903 2686 quo
928 2613 1334 2691 eorum-conceperimus,

259 2690 397 2752 nesciae.
440 2687 599 2751 Camerar.
616 2701 649 2746 et
665 2686 809 2747 Gronov.
827 2686 891 2772 legi
907 2687 1034 2749 malunt
1050 2696 1332 2756 commentitiis-

137 2795 143 2804 ·
237 2767 243 2776 ⁴
249 2772 430 2872 superbiae
442 2766 541 2865 causa
556 2769 785 2854 explicandum
801 2789 972 2854 putarunt:
993 2776 1210 2840 contumeliae
1225 2778 1332 2842 causa.

259 2862 323 2925 Sed
355 2862 419 2922 ioci
450 2871 578 2919 tantum
613 2857 702 2918 causa
732 2856 896 2920 adiectum
932 2851 1110 2920 arduliere
1140 2859 1198 2934 cll,
1234 2884 1331 2948 quae,

259 2961 460 3032 quantopere
493 2940 681 3004 erubescere
714 2935 882 3012 didicerit,
930 2939 1046 3005 abusus
1084 2943 1177 3006 verbi
1210 2951 1332 3012 nubere

258 3051 336 3104 nae
353 3025 396 3114 sq.
421 3026 494 3091 satis
515 3026 673 3111 superque
700 3025 838 3088 oslendit
861 3053 903 3074 -·
926 3049 977 3101 47.
999 3029 1133 3108 lugubre
1160 3032 1331 3097 aduerbia·

257 3115 347 3188 liter:
371 3112 500 3177 misere!
520 3145 563 3162 ...
585 3115 635 3189 ¹49.
652 3110 741 3173 haud
765 3130 819 3172 me
837 3114 994 3196 poenitet,
1012 3127 1043 3173 te
1057 3114 1211 3186 educasse,
1234 3116 1330 3182 etad

257 3200 423 3285 quaestum
445 3200 668 3262 meretricium
694 3198 881 3281 compulisse
893 3227 936 3245 ὴ-
958 3220 1005 3262 to.
1024 3219 1084 3280 pro
1102 3203 1231 3263 Hecate
1249 3225 1330 3266 cum

255 3284 364 3347 Dousa
388 3284 461 3345 edd.
487 3304 552 3368 que
577 3297 656 3346 vett.
678 3282 853 3365 legendum
882 3281 924 3343 est
950 3284 1074 3345 Hecale
1101 3299 1157 3344 aut
1181 3290 1327 3361 Hecate,

256 3387 293 3434 vt
315 3373 450 3438 Plautus
481 3388 541 3451 pro
567 3368 676 3439 Circe,
711 3367 944 3449 Niobehahet
969 3366 1078 3438 Circa,
1113 3371 1231 3434 Nioba.
1285 3375 1329 3436 Vt

254 3476 331 3518 vero
355 3458 440 3515 inter
461 3471 565 3513 marea
586 3458 679 3523 Irus,
712 3452 753 3512 fic
778 3454 862 3514 inter
882 3452 1021 3516 feminae
1042 3456 1168 3516 Hecale
1187 3477 1328 3542 pauper·

255 3558 319 3604 tate
352 3540 473 3601 dicirur
505 3538 644 3621 obpressa
675 3534 768 3599 fuisse
797 3538 932 3600 summa.
971 3538 1070 3599 Ovid.
1094 3540 1324 3618 Remed.747.
1407 3559 1408 3570 ¹

253 3626 380 3709 Apulei.
396 3623 476 3684 Met.
491 3644 515 3683 t.
538 3623 623 3683 Plin.
636 3623 677 3683 H.
687 3622 728 3682 N.
746 3644 792 3681 τε.
807 3643 854 3682 22.
886 3621 1004 3683 Sensus
1020 3621 1080 3685 ella
1103 3625 1137 3685 in
1156 3625 1326 3692 senectute
1407 3687 1408 3702 ,

253 3712 331 3772 olim
352 3729 420 3771 non
443 3706 562 3791 magia,
588 3726 685 3790 quam
707 3709 743 3765 in
759 3705 918 3792 praesenti
938 3708 1073 3770 florente
1083 3715 1229 3774 aetatula
1249 3729 1322 3787 trra,
1407 3745 1408 3754 κ

250 3795 361 3879 inopia
389 3795 583 3858 cruciabere.
640 3789 849 3872 Prospectum
881 3793 917 3852 in
950 3792 1109 3875 praesenti
1142 3799 1324 3863 iuuentute

250 3879 371 3962 aliquid
398 3882 486 3950 vult,
515 3897 574 3945 rte,
611 3877 770 3938 inmutata
791 3875 913 3947 forma,
944 3880 1036 3942 vluat
1066 3877 1199 3944 deserta.
1236 3885 1318 3948 Ter.

248 3955 367 4025 Hea'ut.
385 3985 411 4024 2.
429 3971 481 4039 3.8
496 3959 541 4046 sq.
558 3995 602 4009 —-
623 3982 637 4038 5
643 3983 671 4033 3·
687 3961 818 4044 Ignauia
836 3963 985 4045 precibus
997 3961 1127 4026 fortuna
1143 3985 1318 4053 repugnat.

248 4043 345 4111 ond.
367 4081 409 4096 -
437 4067 485 4128 54.
509 4052 602 4111 luter
629 4043 727 4137 ssata
754 4047 855 4109 verba
877 4066 931 4112 me
955 4067 1034 4113 cum
1064 4065 1167 4116 matre
1193 4054 1321 4119 haecce
1407 4103 1408 4118 .
