2817 4675
197 373 201 377 ·
269 343 347 418 148.
434 358 440 375 1
510 382 557 436 4.
668 309 1029 420 ¹merirum-f

1328 414 1356 449 'l'

268 499 345 575 rum
363 508 473 572 e'luto
494 508 561 571 sole
579 507 742 580 indurato,
763 492 973 590 Creophuntia
985 496 1012 573 'e
1031 524 1113 572 terra
1131 509 1201 594 igni
1218 516 1337 573 ‘coctar

270 615 368 682 quare
391 616 494 680 quum
514 595 610 681 prior
631 596 774 676 inaqua
802 594 990 663 delicuillet‚
1012 593 1249 679 Cresphontem
1276 594 1340 671 elle

270 681 414 746 Menona
440 681 595 766 potitum.
621 711 663 726 -
690 698 742 755 49.
771 681 838 751 hic,
852 681 1005 741 literatus
1036 681 1148 742 Lamb.
1176 681 1338 763 explicate

271 771 365 830 cuius
388 782 513 850 tergum
538 765 704 847 virgarum
724 752 883 848 vestigiid,
905 768 997 827 velut
1020 767 1139 836 literis,
1165 763 1337 826 concisum

169 882 172 890 ·
213 850 217 867 ⁴
262 851 315 913 'est
334 846 684 934 atque-conscriptum
706 850 811 931 Lipl'ro
832 865 939 912 autem
956 850 1078 918 verine,
1095 854 1132 910 ni
1150 847 1255 920 fallor,
1278 849 1335 911 est:

167 958 170 963 ·
270 937 459 1020 stigmatiaa,
484 937 578 996 cuiue
598 932 700 995 fronti
716 949 795 994 nota
814 931 868 995 leu
891 934 984 999 litera
1009 935 1116 1018 aliqua
1137 934 1338 1017 conspicitur

262 1014 385 1082 inusta.
441 1017 587 1081 Everlu
602 1039 652 1095 45.
682 1020 834 1103 adparere
864 1035 949 1081 certe
978 1018 1124 1090 ridetur,
1159 1018 1340 1095 Ch‘alinunr

270 1090 447 1189 aliquando
475 1102 629 1188 aufugiffe
652 1138 695 1151 -
725 1126 772 1178 5²·
792 1107 949 1184 praecide
967 1124 1004 1166 as
1029 1104 1080 1189 illi
1106 1104 1285 1187 colaphum
1308 1104 1339 1163 ei

270 1190 424 1274 infringe.
450 1187 534 1252 sci.
558 1211 591 1252 v.
601 1195 651 1250 60.
679 1186 724 1248 est
747 1191 844 1250 butue
868 1192 898 1249 ei
916 1196 1010 1249 a's-
1034 1212 1111 1273 ege,
1135 1192 1252 1272 ecquid
1264 1189 1338 1278 fit?

81 1326 83 1334 ,
177 1320 183 1337 ,
271 1296 328 1341 cur
344 1273 439 1345 cellae
460 1274 579 1338 ferire?
591 1309 634 1329 —-
649 1275 777 1335 obiexis
795 1275 963 1344 obieceris,
978 1293 1021 1334 ne
1039 1273 1191 1358 adtigeria
1209 1292 1338 1337 eum-

272 1382 323 1440 53.
334 1359 408 1422 latis
424 1359 560 1423 ridicule
574 1361 705 1442 Olymp.
725 1361 850 1443 quaerit
863 1354 1073 1448 compreffon'
1088 1380 1199 1433 uranu,
1213 1379 1338 1444 pugno,

167 1512 170 1519 ,
270 1450 320 1508 an'
335 1457 490 1527 porrecta
507 1445 614 1527 palma
640 1444 728 1504 feriri
749 1465 825 1507 eum
848 1444 952 1507 velit?
968 1478 1010 1491 -
1030 1446 1100 1505 deur
1116 1446 1184 1506 ribi
1203 1444 1279 1506 ferit
1293 1480 1337 1494 -

274 1552 324 1608 ς4.
348 1531 429 1615 quid
454 1530 516 1591 tibi
539 1526 643 1623 istunc
668 1532 771 1590 tactio
799 1527 868 1629 est?
906 1548 970 1613 quo
994 1531 1063 1601 iure
1087 1532 1179 1591 hunc
1207 1529 1334 1614 tangir‘l

177 1637 181 1657 ¹
225 1619 231 1639 '
270 1617 313 1679 lic
335 1632 369 1678 et
398 1624 432 1676 vi
448 1617 496 1688 56.
528 1616 609 1698 quid
637 1613 699 1672 ribi
727 1626 832 1675 taetro
858 1615 943 1674 hunc
958 1606 1060 1703 fuit?
1099 1614 1167 1677 vid.
1195 1615 1236 1676 ad
1258 1617 1333 1677 Aul.

271 1723 301 1778 3.
317 1721 389 1776 ²·'9·
407 1734 450 1748 --
476 1720 522 1773 57.
543 1699 719 1782 imperinm
745 1699 876 1760 exhibet
897 1716 1030 1763 exercet.
1053 1700 1173 1764 Bacch.
1193 1723 1221 1772 3·
1238 1720 1267 1774 3.
1281 1722 1333 1776 44.

271 1784 315 1847 est
340 1786 483 1846 inhibere
511 1784 689 1867 imperium
715 1817 759 1831 -—
789 1783 997 1866 reprehendit
1031 1785 1155 1847 Stalino
1185 1806 1336 1858 uxorem,

269 1889 354 1955 quae
378 1869 436 1930 libi
457 1867 571 1939 sumat,
594 1869 644 1930 iue
663 1869 773 1929 mariti
797 1869 921 1930 violare
936 1904 984 1934 -s
1001 1876 1048 1943 58.
1072 1869 1200 1933 ercuiat
1216 1874 1338 1934 mulier

270 1957 323 2016 iun
350 1954 556 2016 sortientium
581 1973 723 2037 aequum
746 1989 790 2001 -
824 1976 880 2014 cur
905 1975 994 2014 omen
1018 1956 1098 2016 miti
1121 1958 1337 2035 vituperutli

270 2059 345 2102 curn
369 2040 531 2102 Lambino
551 2060 587 2101 ex
612 2040 760 2113 licarern;
786 2059 843 2101 cur
864 2059 938 2102 meo
962 2041 1067 2101 omini
1091 2040 1280 2114 obleaeuat,
1305 2057 1339 2107 ct

267 2128 388 2187 vitium
408 2122 502 2197 facit,
525 2062 716 2188 conatuum
734 2122 915 2209 pulsando?
943 2125 1027 2193 haec
1046 2128 1143 2187 verba
1162 2126 1338 2191 tribuenda

239 2224 241 2230 ⁴
269 2227 416 2296 putarem
437 2210 636 2282 Cleoſtrarae.
688 2211 751 2270 Sed
773 2212 972 2271 Turnebnm
991 2209 1120 2296 sequor:
1154 2233 1212 2284 cur
1240 2215 1335 2275 malie

125 2369 134 2389 Ι
176 2328 178 2333 s
227 2374 229 2378 Ι
268 2313 302 2361 et
320 2295 462 2359 tristibus
485 2298 592 2359 verbis
619 2295 702 2356 male
727 2296 811 2359 mihi
839 2294 1026 2359 ominatur?
1056 2316 1130 2358 narn
1151 2296 1240 2384 lequ.
1266 2318 1336 2370 rer·

259 2385 321 2464 ,his
341 2382 430 2443 mulo
446 2395 507 2443 etc.
530 2383 653 2442 Stalino
676 2401 744 2440 non
763 2384 856 2442 vxori
877 2379 1057 2466 respondet,
1082 2382 1135 2444 led
1155 2384 1335 2446 Chalinum

268 2479 384 2528 monet
404 2500 447 2513 -
473 2486 521 2542 59.
544 2466 630 2548 malo
658 2466 720 2525 tibi
747 2469 922 2527 cauendum
952 2460 1061 2557 censeo
1088 2465 1174 2552 pror*
1196 2453 1219 2530 u
1244 2471 1333 2532 malo

268 2550 327 2610 [en
348 2552 475 2612 malum.
520 2551 575 2611 Sic
595 2550 713 2610 Bacch.
734 2567 760 2614 r,
779 2572 805 2612 2.
821 2572 869 2624 39.
899 2575 977 2612 caue
995 2551 1101 2615 niolo!
1119 2589 1158 2600 -
1179 2557 1230 2614 61.
1240 2550 1336 2647 sorti

268 2635 412 2698 virtatiur
446 2633 570 2695 dixill'et
605 2633 717 2697 sortire
745 2670 788 2682 -
826 2637 941 2698 Simon
969 2638 1065 2698 Vlric.
1103 2636 1234 2701 Pistoris
1274 2659 1334 2722 pro

269 2719 389 2801 proebe
410 2732 447 2780 tu
468 2721 533 2804 legi
553 2721 624 2782 vult
648 2742 730 2800 prae
750 2733 834 2800 metu
857 2736 889 2783 et
916 2723 1024 2805 iungit
1046 2721 1107 2784 ubi
1125 2720 1189 2809 stur
1215 2719 1332 2825 nescio.

268 2825 368 2907 quem
386 2801 446 2889 ego
459 2802 613 2890 sequutus
631 2806 726 2866 verba
742 2807 934 2891 Olympioni
956 2807 1070 2868 tribui.
1111 2810 1345 2872 Lamb.1ntel·‘

268 2892 359 2975 hgit:
371 2890 498 2974 „praebe
519 2903 555 2955 tu
577 2892 738 2964 animum
759 2895 906 2953 animum
925 2910 1002 2952 vcro
1022 2892 1188 2954 aduertere
1206 2896 1333 2959 Stalino

164 2985 169 2996 ¹
266 2975 367 3037 'modo
394 2976 530 3038 iullerat.
582 2978 646 3038 dlii
667 2974 867 3038 subaudiunt
875 2973 1021 3066 strellam
1029 3002 1043 3051 ;
1073 2978 1154 3042 haec
1178 2999 1275 3053 vero,
1297 2983 1334 3041 in

268 3061 379 3121 medio
414 3062 531 3145 polita,
574 3079 592 3121 a
628 3075 746 3123 neutro
782 3060 943 3146 tangenda
981 3076 1050 3123 erat
1090 3066 1332 3149 monendique.

267 3146 403 3208 Dixerat
423 3159 532 3208 autem
554 3145 666 3207 senex:
687 3167 752 3206 uos
772 3146 925 3231 Olympio
946 3160 977 3206 et
996 3148 1141 3228 Chaline,
1163 3137 1334 3213 edrrortite

268 3249 375 3300 nunc,
414 3250 513 3292 vxore
543 3251 616 3292 mea
638 3229 808 3303 sortiente,
841 3236 991 3295 animum.
1054 3233 1193 3316 Vterque
1227 3255 1333 3321 aeque

269 3331 338 3377 erat
357 3316 507 3399 rupidus,
530 3330 667 3400 vterque
689 3318 791 3400 igitur
809 3318 843 3376 in
867 3315 934 3399 iplo
954 3319 1002 3376 rei
1020 3316 1207 3382 discrimine
1228 3341 1334 3414 aeque

268 3400 428 3484 pauidus,
457 3400 545 3484 quod
566 3417 683 3463 neuter
697 3397 872 3470 diffitetur,
905 3400 1040 3464 rusticus
1061 3404 1190 3488 Olymp.
1215 3407 1334 3493 simpli·

266 3487 365 3555 citer,
386 3507 471 3565 prae
494 3497 594 3556 metu,
614 3483 763 3575 vbi-sim,
786 3481 912 3578 nescio!
932 3489 1125 3571 ingeniolior
1151 3510 1227 3553 vero
1248 3492 1333 3553 cha·

265 3572 354 3636 linus
377 3571 572 3655 ingenlolina
593 3604 636 3616 -
664 3579 715 3636 oz.
737 3568 885 3660 Lienofir
907 3572 1025 3646 dicunt
1048 3570 1239 3638 familiarem
1269 3577 1335 3639 elle

264 3655 390 3726 mairiu
411 3655 468 3733 τῆς
485 3655 628 3738 uapllae,
657 3658 754 3718 lienie
782 3659 898 3720 morbo
928 3659 1016 3718 enim
1046 3678 1101 3721 cor
1128 3664 1263 3734 tentari,
1297 3676 1334 3725 et

265 3756 397 3804 tumore
416 3740 488 3801 eiua
511 3740 698 3826 praecordia
718 3744 870 3827 obcupari
894 3777 933 3788 -
953 3741 1040 3835 sulit
1059 3747 1193 3828 palpitat
1213 3782 1258 3794 -
1279 3759 1333 3820 or.

267 3836 362 3886 teneo
375 3819 501 3917 sortem
521 3822 580 3887 sub
603 3828 685 3911 aqua
710 3830 842 3889 alteram
864 3826 981 3890 sortem
1008 3832 1165 3912 prehendi
1185 3866 1228 3879 -
1248 3829 1335 3922 effer

264 3907 379 3994 profer
408 3929 479 3971 eam
499 3902 608 3998 foras
633 3931 671 3970 ex
697 3933 797 3997 aqna,
828 3926 866 3974 rt
894 3912 1079 3982 videamur,
1108 3918 1203 3977 cuine
1234 3917 1269 3979 lrt
1288 3953 1335 3966 —

266 3998 319 4066 64.
342 3997 447 4055 iamne
458 4007 603 4058 mortuus
619 3997 653 4057 in
672 3993 798 4059 [umma'
811 3998 968 4061 anxietate
983 3999 1036 4060 lua
1051 3999 1203 4063 Chalinus
1219 4017 1335 4065 tamen

263 4076 397 4141 videtur
412 4081 538 4143 iocari.
582 4078 716 4171 Efferre
731 4076 838 4171 foder
858 4082 947 4146 idem
972 4082 1034 4158 est,
1063 4088 1154 4169 qnod
1171 4081 1332 4181 sepelire.

586 4355 591 4382 l
