2817 4675
358 294 366 303 “
395 287 520 345 roms
540 267 587 344 ll.
625 287 780 393 renutu
801 269 846 345 11.
863 266 939 346 nt.-
1068 374 1074 389 .
1122 222 1229 395 ιόγ·Ι

29 466 35 480 ’
114 450 170 525 lbi
196 460 268 511 tum
296 449 524 533 Lampadiscua
548 450 634 512 vidit
660 466 835 513 exeuntem
858 430 968 512 lenam
992 444 1040 515 err¹
1054 451 1192 515 aedibus

113 535 244 605 Silenii,
267 557 349 619 quae
365 538 532 616 proximae
546 552 638 598 erant
652 537 787 599 aedibus
800 534 1024 599 Phanostratae
1038 557 1064 597 1.
1077 559 1103 599 r.
1120 558 1188 602 ror.

113 639 215 704 quare
244 620 321 681 inde
354 619 524 682 monstrari
554 620 657 704 digito
693 630 843 704 poterant
872 644 914 682 ex
941 623 1075 685 aedibus
1099 623 1188 686 hisce

114 726 144 765 2.
166 727 237 779 ³·4·
266 707 419 788 dgnitarn
450 703 558 769 seruus
587 727 687 769 anum
717 720 783 791 per·
809 707 879 767 viae
914 704 1018 769 liatim
1038 708 1187 779 lectatua

110 787 216 850 habet·
226 791 436 855 miserrimam
456 814 483 853 a.
498 814 523 853 τ.
541 815 565 853 r.
591 794 636 851 ita
651 807 697 861 vt,
718 812 820 886 quum
842 792 934 852 aliter
953 789 1093 877 effugere
1117 812 1186 855 non

160 874 368 951 lienSilenii
385 880 420 936 in
445 876 592 946 domum,
617 880 768 958 quamuis
790 878 894 938 inuita
912 874 943 938 le
959 881 1128 959 reciperet.
1143 913 1186 929 -
1231 932 1235 949 ,

110 894 224 1020 diaeo
240 966 331 1023 nunc
344 962 385 1022 ad
401 962 513 1024 scenae
530 984 556 1035 3.
577 958 687 1023 versus
708 983 753 1038 ¹⁴·
772 982 818 1032 tt·
839 964 949 1041 Pergo
962 963 1077 1046 Larnp.
1093 964 1185 1036 dicit,

110 1043 133 1105 i.
146 1064 174 1106 e.
189 1042 314 1130 sequor
333 1067 434 1106 anum
458 1068 528 1108 eam
558 1048 593 1106 in
612 1046 761 1117 domum,
784 1046 843 1107 illa
865 1047 938 1107 lena
959 1044 1044 1109 filiae
1069 1050 1184 1131 paucio

109 1127 209 1203 dicjt,
239 1132 318 1214 quid
340 1134 390 1195 rei
412 1133 465 1202 srt,
494 1129 655 1193 Silenium
678 1135 788 1201 enim.
811 1130 897 1191 vnde
921 1146 989 1192 orta
1018 1131 1093 1194 effet
1116 1128 1181 1207 illa.

107 1214 277 1298 ignorabat
302 1238 326 1278 ι.
344 1240 371 1278 ι.
390 1223 437 1277 26.
458 1252 500 1265 -
530 1220 572 1254 *²*
590 1220 691 1279 dictis
713 1217 839 1287 seruus,
859 1236 962 1298 quum
975 1217 1182 1297 Gymnatum

105 1299 242 1362 audiilet
257 1300 357 1363 filiam
378 1323 394 1362 a
413 1303 485 1364 lena
501 1302 579 1370 dici,
601 1321 672 1365 eam
687 1316 807 1386 putans
829 1300 899 1367 elle.
920 1318 1017 1384 quarn
1038 1324 1056 1364 a
1080 1303 1110 1365 le
1129 1324 1180 1366 ex·

105 1386 243 1468 politam
264 1388 316 1449 illa
338 1385 517 1457 sustulerat,
542 1386 615 1447 adlo
639 1391 731 1450 uitur
749 1386 977 1465 Gymnasium:
1005 1407 1047 1448 ne
1070 1388 1181 1452 credas

55 1499 58 1503 ·
105 1471 179 1532 cius
198 1471 317 1545 dietim
340 1473 437 1550 illaec
456 1485 490 1532 te
515 1488 598 1532 orttts
616 1409 714 1557 dorm
734 1473 794 1507 Μ
806 1464 905 1563 saras
917 1484 1020 1539 vocat
1023 1463 1178 1561 fortuito
1206 1488 1213 1501 ⁸

106 1554 298 1626 inuentam,
333 1556 452 1623 filiam.
478 1575 520 1616 ne
540 1554 581 1616 se·
601 1547 752 1648 deseras,
780 1568 941 1618 vocot-
983 1577 1029 1635 19.
1051 1559 1178 1620 talenta

106 1660 241 1718 magna,
262 1644 368 1711 attica,
391 1662 512 1721 magna
527 1657 686 1703 vocantur
700 1662 770 1717 non
793 1642 834 1703 de
853 1642 1013 1725 pluribus,
1037 1641 1091 1702 sed
1106 1664 1176 1726 pre·
1236 1640 1244 1663 “

107 1726 293 1787 tiolioribue
314 1729 423 1797 minis,
446 1745 543 1811 quam
566 1728 676 1790 minae
699 1742 791 1789 erant
812 1727 1006 1790 talentorum
1027 1727 1176 1812 Neapoli·

106 1825 274 1882 tanorum,
292 1813 529 1896 Rheginomm,
551 1813 736 1876 Siculorum
757 1848 803 1861 -
834 1835 883 1874 ro.
903 1835 946 1874 ex
963 1805 1062 1915 Iirsco
1076 1815 1175 1893 mdo

102 1896 235 1979 quaestu
256 1899 450 1959 meretricie.
493 1898 682 1975 Lydorum,
706 1899 763 1983 qui
784 1917 858 1981 para
879 1899 1068 1969 Hetrurrae,
1092 1895 1176 1961 filiae

103 2001 144 2042 ex
159 1985 344 2045 meretricio
360 1981 491 2066 quaestu
512 1982 624 2045 dotem
646 1984 704 2045 fibi
729 2002 914 2067 comparare
936 1981 1053 2055 solitae,
1075 1984 1176 2048 tradit

100 2066 304 2127 Herodotus.
348 2065 468 2127 Forsan
486 2086 563 2127 vero
582 2067 683 2130 modo
703 2061 834 2158 Tuscum
851 2070 959 2130 vicum
973 2068 1107 2143 Plautus
1124 2089 1173 2130 re·

102 2147 226 2232 spexit,
249 2150 375 2233 dequo
402 2151 498 2212 Curc.
513 2172 543 2226 4.
565 2172 590 2210 1.
609 2173 657 2213 21.
681 2186 725 2200 ·-
758 2172 807 2225 ²3·
826 2147 925 2248 otsrt
955 2153 1059 2234 qualia
1081 2172 1172 2217 nunc

104 2233 205 2321 srtf—
228 2254 275 2307 ²4·
295 2234 387 2296 illam
408 2234 616 2314 Gymnasium
632 2229 779 2327 suadela
801 2236 1016 2308 nobilitatem,
1039 2235 1172 2299 diuitiae

68 2316 71 2323 ’
104 2319 328 2402 promittendo
361 2355 404 2368 —
438 2341 486 2391 aa.
518 2342 566 2394 ²5·
599 2322 654 2382 hic
675 2343 760 2385 vnuo
788 2321 952 2402 Gymnasri
975 2322 1172 2385 amittendae
1261 2349 1266 2356 ·

99 2419 209 2466 metus
224 2408 396 2468 veritatem
414 2405 506 2465 lenae
527 2409 654 2469 extorsit
671 2443 715 2456 ·-
739 2414 786 2469 28.
803 2409 929 2469 amicae
942 2406 1171 2468 Melaenidi-

100 2509 153 2563 37.
175 2488 215 2551 de
238 2491 407 2569 Gymnafio
435 2509 525 2552 nunc
554 2511 571 2550 a
595 2490 806 2576 Lampadilco
831 2492 957 2563 secura.
990 2494 1170 2555 Melaenidi

70 2572 72 2578 ’
89 2594 233 2660 quoque
248 2578 409 2638 Silenium
427 2578 518 2659 cupit
532 2574 700 2645 semotam.
713 2575 841 2665 olfipat
853 2600 984 2663 aquom,
998 2575 1168 2663 adspergit,

97 2675 137 2721 vt
156 2678 280 2723 recreet
303 2683 375 2733 rue,
410 2663 464 2722 cui
487 2662 597 2722 animo
626 2662 711 2723 male
737 2661 789 2724 est.
820 2662 888 2725 vid.
909 2664 968 2725 Arn
994 2665 1026 2725 h.
1046 2685 1071 2735 5.
1092 2685 1116 2725 r.
1136 2668 1170 2725 ό.
1224 2713 1227 2726 .

95 2741 233 2834 Afllms
258 2747 360 2817 iacio,
380 2746 468 2808 vnde
487 2743 667 2833 disfipo-
690 2765 738 2821 39.
758 2746 886 2839 periisti
909 2746 960 2808 fru
1002 2751 1171 2809 aconarir
1212 2789 1216 2798 .

94 2849 153 2892 me
177 2829 296 2893 fallere.
313 2868 356 2880 -—
392 2834 446 2892 Ne
465 2831 572 2892 hercle
594 2834 657 2894 hoc
679 2832 777 2913 longe
803 2831 914 2923 deslitt'
940 2830 1069 2923 inflare.
1113 2832 1169 2894 Sic

94 2934 117 2976 e
138 2917 232 2977 codd.
254 2918 359 2980 tribua
376 2917 443 2978 Pal.
461 2915 620 2997 expressus
635 2915 716 2977 [olet
737 2918 828 2981 locus
849 2917 934 2987 dari,
950 2933 1060 3002 quem,
1080 2918 1168 3001 quod

93 3002 198 3061 ceteri
218 3002 303 3072 libri,
327 3000 437 3085 scripti
462 3004 641 3084 oraculique,
663 3002 759 3063 valde
784 3004 921 3072 variant,
952 3020 1066 3065 omnes
1092 3021 1166 3063 cen·
1224 2995 1227 3006 Χ

91 3084 170 3147 sent
198 3086 258 3148 elle
284 3083 489 3148 mendosum.
531 3087 635 3148 Prout
655 3089 755 3171 vulgo
778 3089 934 3170 interpun
957 3090 1031 3159 itur,
1052 3089 1164 3172 Lamp.
1221 3123 1228 3142 .
1324 3082 1327 3089 ’

92 3168 225 3314 ᾱῖἰὶτίτ
248 3169 378 3259 instare,
401 3191 500 3255 quem
524 3188 633 3232 tamen
657 3173 692 3232 in
714 3169 869 3256 vrgendo.
882 3108 1091 3254 pedeueralie
1114 3190 1164 3235 ret
1227 3201 1231 3212 ·

91 3260 133 3341 ip
149 3277 166 3316 a
185 3257 338 3340 loquitur.
373 3255 446 3316 Post
465 3255 593 3348 periisti
608 3277 698 3328 vero,
721 3256 812 3341 quod
823 3259 931 3319 Lenac
944 3257 1052 3321 adhuc
1071 3260 1163 3330 dicit,

92 3361 185 3428 pone
198 3355 372 3426 punctum,
388 3338 444 3403 seu
458 3344 567 3426 potius
582 3342 705 3426 signum
719 3335 931 3406 exclamandiss
962 3345 985 3407 A
1001 3369 1041 3408 ne
1057 3344 1165 3406 hercle

91 3425 330 3514 pergitseruuo
349 3428 446 3488 herae
472 3447 609 3498 narrare,
630 3426 746 3512 etpost
765 3428 861 3509 longe
876 3446 1034 3513 punctum
1054 3429 1166 3491 delen·

32 3507 38 3524 ⁴
93 3511 177 3574 dum
207 3512 260 3575 est.
304 3515 359 3575 Ne
384 3511 427 3572 est
450 3532 508 3593 pro
540 3527 668 3575 non·vt
695 3512 799 3597 saepe.
833 3515 1080 3590 Trin.2.4.82.
1103 3510 1162 3575 cst:

95 3596 254 3672 decedam
276 3619 342 3660 non
361 3597 467 3658 lter‘cle
489 3600 549 3659 hoc
571 3599 683 3681 longe,
717 3601 774 3661 vbi
796 3600 923 3685 Lipsius
946 3598 1073 3659 mauult
1098 3598 1162 3660 hoo
1187 3629 1197 3648 ι

94 3703 204 3763 ungue
231 3686 470 3767 i.e..vnguer'n
503 3684 622 3756 latum,
658 3699 695 3744 vt
722 3686 792 3746 Aul.
812 3705 882 3746 ιιι.
902 3690 948 3745 til.
977 3677 1029 3741 cst.
1065 3680 1161 3744 Most.

57 3800 67 3816 .
99 3786 127 3826 2.
148 3789 173 3828 r.
190 3771 241 3841 46.
270 3768 415 3850 Delphio
442 3765 606 3830 suadenti:
642 3769 794 3833 abeamus
817 3769 897 3830 hinc
923 3785 1002 3837 ποις
1038 3766 1163 3830 Tranio

96 3848 266 3936 respondet
286 3875 350 3916 noo
372 3854 435 3915 hoc
462 3854 560 3933 longe
581 3854 638 3914 vbi
658 3858 758 3918 etiam
777 3851 930 3916 nonnulli
951 3852 1078 3914 malunt
1099 3853 1162 3920 doc

95 3954 211 4015 ungria.
254 3939 309 4000 Sic
328 3940 393 3999 hoc
408 3940 480 4001 loco
496 3958 565 3999 non
582 3939 718 4022 quidem
736 3960 796 4023 pro
821 3939 917 4017 longa
932 3955 1021 4019 pono
1039 3958 1162 4016 ungue,
1254 3987 1258 3998 .

94 4015 151 4083 sed
171 4023 320 4126 laterado
348 4038 460 4089 tamen
484 4023 716 4109 adcipiendum
738 4036 831 4114 puto.
865 4036 991 4106 vngue,
1017 4035 1075 4092 aut
1101 4022 1163 4086 alio
