2817 4675
261 319 331 395 328
364 296 375 305 ⁹
672 324 715 380 m
749 320 920 385 ruenni
971 310 975 317 “

261 488 439 559 nstoclem,
453 489 549 567 altera
568 469 680 549 senem
691 485 868 573 quemdam
884 499 975 549 tenet
993 474 1195 569 amplexi-'-
1215 507 1276 548 ιι.
1293 488 1356 548 bu

263 578 377 639 siolum
392 573 588 643 subsulcum,
608 576 720 655 quales
738 570 810 632 atri
822 571 899 632 sunt
918 602 962 619 -·
986 592 1033 643 14·
1055 574 1178 633 unicis
1198 564 1355 663 denriffi·

193 688 200 701 ‘
263 665 322 725 tiis
335 660 384 722 'ad
411 663 491 723 talou
513 656 655 719 demissio
675 660 719 704 ·'-
749 678 798 730 ις.
827 660 875 719 ad
898 660 1085 718 anzatricem
1104 650 1265 745 Africam
1292 660 1356 717 alii

133 804 143 819 ,
233 794 240 803 ,
265 748 443 832 explicant:
474 747 509 809 in
532 742 639 805 Africa
664 757 795 814 nutam,
818 741 910 826 quod
935 763 1013 804 vero
1040 743 1183 804 militem
1209 740 1355 803 sciuisse

265 835 323 894 vix
338 832 495 894 credibile
509 827 570 901 est,
594 828 670 891 alii:
695 829 883 889 amatricem
904 825 984 896 Afri,
1010 828 1101 909 quod
1119 828 1274 912 puellam
1299 830 1354 889 vi·

265 918 363 981 debat
376 916 566 1000 amplexam
591 926 702 975 tenete
722 911 847 976 Afrum.
896 913 1043 974 Alterum
1070 916 1173 995 magia
1200 912 1353 975 videtur

265 1001 480 1066 maledictum
506 1019 547 1059 ex
567 1000 666 1060 triuio
694 998 882 1080 adreptum,
910 1014 944 1059 et
975 999 1041 1060 boe
1060 998 1206 1081 {quidem
1229 1002 1354 1062 milite
1390 1018 1391 1021 ’

212 1092 220 1119 l
266 1088 405 1170 dignum
425 1120 468 1131 -
492 1093 540 1147 28.
564 1085 641 1146 nolo
664 1098 698 1146 te
725 1104 796 1144 eam
821 1101 952 1166 tangere
972 1112 1016 1133 -ι
1039 1103 1087 1157 ²9·
1107 1085 1195 1144 hanc
1217 1088 1355 1146 tactio.

265 1171 334 1234 vid.
357 1170 476 1245 Aul.3.
495 1189 629 1241 2.o.-
653 1188 703 1242 30.
724 1170 861 1249 ligulam
880 1181 977 1230 vocat
1002 1169 1216 1240 contemtim,
1247 1172 1352 1251 pufil·
1390 1190 1391 1237 i

266 1260 333 1320 lule
353 1288 397 1306 -
425 1276 475 1327 3¹·
490 1255 605 1316 hallex
629 1254 841 1337 policroni,
863 1254 985 1335 pollice
1004 1273 1073 1316 nou
1091 1255 1200 1317 maior
1219 1284 1266 1301 -
1290 1277 1307 1329 3
1315 1272 1350 1330 3:

265 1364 384 1406 maeno
403 1339 501 1425 piscia
522 1339 566 1400 est
583 1342 670 1407 vilia,
692 1339 827 1424 degluhi
842 1336 958 1400 solitu·
972 1341 1203 1417 *satrapis
1212 1333 1346 1430 semen.
1390 1353 1391 1387 l

263 1430 355 1492 tium.
391 1426 529 1509 Serapio,
546 1426 779 1508 Aegyptiorum
794 1424 858 1493 dei,
874 1426 961 1508 quia
1003 1424 1343 1508 'culturaeinprimis
1390 1408 1391 1428 ¹

262 1527 424 1599 praeerat,
447 1513 511 1572 ima
533 1512 621 1580 inee,
644 1529 704 1593 per
726 1508 881 1570 sementis
908 1444 1038 1590 tergite
1065 1530 1081 1570 a
1104 1506 1345 1581 sacerdotibus,

262 1620 321 1687 per
342 1617 459 1683 pagos,
488 1532 532 1656 ad
550 1594 664 1678 llipem
684 1593 913 1679 conligendam
928 1592 1267 1667 circumferebantur,
1297 1611 1347 1667 vt,
1390 1673 1391 1677 Ἰ

263 1704 331 1772 quo
351 1684 472 1767 largiut
490 1680 649 1743 donarent
674 1679 796 1748 rustici,
818 1699 857 1739 eo
870 1681 1008 1741 uberior
1026 1678 1219 1763 pioueuiret
1239 1702 1260 1740 a
1282 1681 1346 1742 deo

175 1766 182 1773 ’
262 1766 380 1843 messio.
404 1764 512 1829 sensns
534 1767 649 1848 igituir
674 1768 734 1846 qui
752 1784 855 1848 aeque
869 1764 1026 1825 deformia
1046 1785 1091 1835 ee,
1116 1784 1153 1825 ac
1171 1766 1346 1851 Serapidis

264 1856 340 1920 istae
358 1854 461 1916 solent
474 1850 534 1911 else
548 1850 717 1932 imagines.
760 1851 824 1910 Pro
832 1832 1027 1939 sem'entinm
1042 1851 1097 1910 alii
1106 1845 1345 1953 senicinctium

263 1942 319 2003 olii
326 1932 573 2028 semicinctium.
616 1934 791 1996 Turnebus
806 1954 883 1995 vero
894 1936 1058 1998 'Lambino
1074 1938 1130 1996 alii
1169 1955 1213 1997 ue
1227 1938 1345 1999 locum

264 2024 397 2086 videtur
417 2018 585 2106 ingeniose
604 2017 782 2091 restituisse,
805 2021 862 2104 qui
882 2039 943 2100 pro
967 1956 1343 2112 Sarraptssdonentiom

265 2111 332 2194 legi
353 2109 426 2173 vult
447 2129 527 2168 arra
542 2100 620 2208 pffa'
643 2110 812 2167 ementium
829 2106 850 2165 i.
864 2123 893 2164 e.
913 2107 1015 2168 humo
1035 2104 1198 2167 vilissime.
1247 2108 1344 2190 Quid

265 2197 365 2258 viliue
386 2189 490 2280 pfiss’
521 2214 578 2277 qur
600 2211 660 2276 pro
682 2193 724 2252 iio
746 2213 824 2253 arra
846 2190 953 2261 datur,
979 2204 1055 2252 eum
1078 2191 1185 2272 ipsum
1210 2197 1343 2255 nulline

265 2282 365 2370 pretii
386 2280 447 2341 ell'e
471 2291 600 2363 oportet
625 2311 667 2322 ·-
697 2300 746 2353 34.
774 2274 943 2366 nieflrugo
968 2276 1062 2339 vestis
1091 2276 1225 2349 scortea,
1256 2298 1344 2364 quae

265 2365 399 2454 pessime
421 2366 537 2437 olebat,
561 2384 623 2447 qua
638 2362 730 2424 Sardi
743 2364 919 2425 vtebantur
939 2377 971 2424 et
989 2365 1116 2426 barbarl
1134 2362 1343 2448 septemtrio·

266 2454 355 2514 ualet
379 2481 423 2498 «-
449 2450 584 2514 Palmer.
608 2448 690 2508 dicit
712 2444 771 2512 cille
794 2448 854 2508 else
876 2451 1095 2510 contumeliae
1122 2449 1342 2522 vocabulum,

264 2538 352 2599 vnde
371 2535 466 2597 Cute.
476 2558 506 2611 4.
520 2556 545 2595 ι.
560 2557 585 2600 z,
612 2533 834 2610 lzaloplmnta,
856 2549 888 2596 et
906 2535 969 2594 hoe
986 2534 1128 2595 Poenuli
1147 2537 1222 2596 loco
1244 2537 1340 2597 hale·

262 2642 367 2704 goras
379 2613 434 2681 seu
452 2615 512 2686 ἅλς
526 2616 647 2697 ἀγορᾶς,
670 2618 774 2698 qualia
791 2614 835 2679 sal
854 2620 888 2679 iu
903 2616 974 2679 foro
995 2620 1159 2681 interdum
1179 2620 1342 2684 venditur

263 2720 455 2789 conruptue.
500 2705 612 2767 Homo
629 2716 739 2762 autem
756 2703 906 2788 §almafio
924 2700 966 2764 est
983 2724 1050 2775 vae,
1074 2709 1109 2764 in
1128 2724 1195 2788 quo
1216 2705 1264 2766 sal
1285 2711 1341 2769 ille

262 2792 419 2855 venditur
437 2819 481 2842 -α-
505 2811 553 2862 34.
571 2788 701 2868 plenior
729 2812 763 2853 es
784 2789 858 2850 allii
879 2790 982 2874 magis
1005 2788 1109 2852 foetes
1130 2791 1205 2852 allio
1219 2826 1267 2840 --
1289 2815 1337 2870 35.

260 2876 408 2960 ulpicum
439 2875 507 2936 allis
536 2872 668 2956 species.
723 2871 918 2935 vColumella
950 2896 994 2934 ιι.
1014 2897 1041 2947 3.
1070 2876 1216 2955 ulpicum
1245 2878 1339 2962 quod

263 2963 399 3050 quidam
419 2959 532 3023 allium
549 2962 710 3043 punicum
730 2973 851 3020 vocant
871 2993 914 3005 -
934 2978 1031 3042 qutun
1048 2963 1179 3021 romoni
1196 2966 1338 3043 remiges

228 3121 237 3130 ‚
286 3067 403 3111 uorum
422 3048 531 3108 victus
552 3058 620 3104 erat
641 3059 806 3106 cumano
831 3064 916 3126 pane
933 3047 1045 3105 allium
1065 3077 1109 3091 --
1132 3048 1180 3118 36.
1201 3051 1338 3125 prurire

165 3191 168 3200 ,
261 3070 419 3194 dicuntur
443 3129 557 3198 malae,
589 3128 714 3197 dentes,
742 3128 883 3198 dorsum,
907 3144 1008 3213 caput
1031 3130 1335 3212 Ampb.1.1.r3o.

263 3220 335 3281 Mil.
355 3245 381 3279 t.
396 3237 427 3292 4.
443 3239 494 3292 ⁴4·
530 3215 648 3277 Bacch.
670 3235 696 3288 ς.
718 3234 744 3273 ι.
760 3234 795 3289 75
814 3229 882 3276 etc.
905 3215 1036 3297 quando
1057 3234 1186 3300 pugnos
1210 3230 1245 3280 et
1265 3240 1336 3281 ver·

63 3369 69 3376 ,
262 3306 339 3365 bera
370 3297 578 3388 praesagiunt
612 3313 668 3359 aut
706 3313 861 3364 metuunt
896 3331 939 3346 ·-
982 3309 1032 3374 38.
1064 3313 1255 3383 tympanum
1301 3320 1336 3365 vt

143 3417 150 3426 ·
265 3389 365 3458 Galli,
396 3385 534 3465 Cy'belet
564 3383 745 3446 secerdotes
778 3383 922 3445 seminiri
952 3417 995 3431 —-
1026 3406 1078 3461 43.
1109 3407 1178 3448 non
1205 3388 1336 3469 ingrata
1386 3389 1387 3394 ’

80 3461 84 3486 ¹
263 3490 373 3536 minen
402 3468 599 3533 Anterastilis
631 3467 674 3531 est
704 3490 778 3553 erga
818 3470 975 3539 militem,
1011 3490 1029 3532 a
1064 3491 1131 3556 quo
1166 3476 1267 3534 amari
1305 3474 1336 3535 le

254 3549 386 3644 ¹ipllque
421 3556 540 3619 sciebat
574 3557 732 3639 praeponi
765 3552 963 3640 Adelphalio.
999 3578 1032 3617 v.
1050 3576 1086 3631 43
1114 3552 1192 3642 sqq,
1219 3569 1334 3621 monet

262 3645 450 3714 bominem,
478 3664 511 3703 v.
533 3661 580 3711 50·
606 3661 666 3725 pro
686 3660 726 3702 eo
746 3638 921 3706 intercedit
943 3671 983 3688 --
1015 3661 1063 3715 57.
1085 3640 1193 3703 Satine
1212 3643 1333 3707 Hanno

255 3727 323 3791 xelle
350 3744 462 3812 putat,
491 3724 600 3788 verbio
624 3722 1021 3810 communionibusque,
1054 3726 1144 3808 quod
1166 3747 1205 3790 co
1228 3728 1332 3792 endue

260 3817 339 3875 leno
365 3824 448 3885 erat,
471 3832 550 3876 eum
573 3829 705 3895 cogere,
736 3830 834 3894 quam
856 3813 929 3873 iure
952 3811 1151 3894 iudicioque.
1205 3749 1330 3876 sraude

260 3897 415 4045 guidem,
446 3898 671 3979 aMilphIoue
693 3911 837 3979 reperta,
868 3893 959 3981 quod
986 3916 1075 3958 nunc
1102 3898 1167 3960 fine
1195 3916 1230 3959 ea
1252 3917 1329 3960 con·

179 4053 182 4068 .
262 3982 416 4131 siggim?
451 3985 587 4068 quaeuie
621 3977 709 4068 polle
738 3979 890 4106 videbgt,
927 3977 978 4043 vs,
1014 3981 1154 4066 ampfim
1194 3983 1330 4047 nomme
